3840 6000
371 473 680 561 ‚unumunurm

207 607 252 677 τῆς
264 607 313 671 vd<
323 601 448 684 πορείας,
461 602 596 686 Βόσπορος
607 606 630 664 δ’
643 608 779 685 ἐπώνυμος

208 694 375 764 κεκλήσεται.
388 697 509 754 Διποῦσα
522 693 545 751 δ’
557 692 688 775 Εὐρώπης
697 697 784 776 πέδον,

165 801 198 842 τοι
212 780 319 864 ἤπειρον
332 780 402 853 ἥξεις
414 780 521 841 Ἀσιάδ’.
534 772 590 863 ’Ἆρ’
603 784 663 861 ὑμῖν
676 785 747 842 δὸκεῖ

208 871 280 927 ὁτῶν
291 872 358 928 θεῶν
370 868 493 950 τύραννος
505 872 531 938 ἐς
541 868 576 929 τὰ
586 870 664 930 πάνθ’
675 875 748 950 ὁμῶς

209 954 290 1036 βίαιος
302 945 370 1015 εἶναι
377 981 386 1031 ;
398 959 460 1038 τῇδε
471 957 522 1038 γάρ
534 951 616 1040 θνητῇ
628 958 684 1027 θεδς
748 968 753 975 ’

208 1044 311 1126 χρῄζων
324 1049 434 1122 μιγῆναι
442 1045 517 1105 τάσδ’
528 1045 667 1128 ἐπέρριψεν
679 1044 791 1114 πλάνας.

211 1135 310 1215 [Imperi
322 1133 345 1192 δ’
357 1132 482 1214 ἔκυρσας,
494 1125 516 1194 ῶ
527 1134 606 1217 κόρη,
617 1140 670 1193 τῶν
683 1139 736 1194 σῶν
747 1134 840 1214 γάμων

166 1243 199 1282 tte
209 1225 363 1301 μνηστῆρος.
377 1221 432 1290 Οθς
442 1222 493 1305 γάρ
504 1230 549 1282 νῦν
560 1223 675 1297 ἀκήκοας
686 1222 791 1303 λόγους,

208 1298 270 1369 εῖναι
280 1307 351 1369 δόκει
362 1308 403 1368 coi
415 1310 527 1389 μηδέπω
537 1311 560 1369 ’ν
570 1309 724 1394 προοιμίοις.
783 1371 785 1374 .

515 1415 557 1463 ΙΩ.

285 1483 332 1546 Ἰώ
344 1485 391 1565 μοί
402 1511 463 1566 μοι,
475 1485 488 1546 δ
500 1485 522 1549 ἔ.

430 1590 634 1638 ΠΡΟΜΗΘΕΥΣ.

212 1657 247 1719 Σίν
258 1658 280 1718 δ’
296 1650 331 1718 αθ
341 1659 474 1744 κέκραγας
484 1661 682 1741 κάναμυχθίζει·
695 1660 721 1720 τί
732 1684 783 1720 που

212 1746 322 1828 δράσεις,
335 1746 399 1808 ὅταν
410 1748 445 1808 τά
456 1747 536 1808 λοιπδι
546 1749 667 1831 πυνθάνῃ
678 1747 764 1821 κακάς

476 1854 587 1903 ΧΟΡΟΣ.

176 1942 202 1980 :u
212 1913 245 1984 Ἠ
256 1923 306 2006 γάρ
319 1949 345 1983 τι
356 1924 449 1985 λοιπδν
462 1930 526 2006 τῇ·“ε
539 1926 672 2006 πημάτων
684 1928 762 2007 ἐρεῖς,

428 2032 633 2078 ΠΡΟΜΠΘΕΥΣ.

213 2101 388 2185 Δυσχείμερόν
398 2127 430 2182 γε
442 2103 555 2183 πέλαγος
566 2105 667 2185 ἀτηρᾶς
678 2099 750 2173 δύης.

137 2243 139 2248 ,
511 2207 554 2253 ΙΩ.

211 2275 244 2336 Τί
253 2277 309 2348 δῆτ’
323 2277 384 2355 ἐμοὶ
395 2281 442 2351 ζῆν
455 2276 558 2360 κάρδος,
571 2280 630 2337 ἀλλ’
643 2279 690 2336 οὗκ
703 2276 729 2334 ίν
740 2274 817 2353 τάχει

210 2363 286 2449 ἔρριψ’
299 2367 419 2443 ἐμαυτὴν
429 2368 505 2439 τῆσδ’
517 2367 571 2426 ἀπὸ
582 2365 696 2448 στύφλου
707 2363 818 2444 πέτρας,

212 2453 274 2523 ὅπως
284 2454 359 2537 πέδῳ
370 2454 498 2537 σκήψασα
509 2460 561 2514 τῶν
573 2453 680 2514 πάντων
692 2451 778 2512 πόνων

175 2562 202 2601 νυ)
212 2542 362 2622 άηλλάγην
368 2568 377 2617 3
388 2549 510 2626 κρεῖσσον
521 2542 572 2624 γάρ
584 2539 696 2609 εἰσάπαξ
707 2543 793 2599 θανεῖν

211 2628 280 2701 ’λείας
291 2631 397 2700 ἁπάσας
407 2630 511 2713 ἡμέρας
520 2631 635 2710 πάσχειν
646 2632 743 2694 κακῶς.

430 2734 634 2780 ΠΡΟΜΗΘΕΥΣ.

212 2797 245 2867 ἸΙ
256 2809 392 2874 δυσπετῶς
404 2805 437 2866 διν
448 2805 509 2879 τοῖος
519 2804 595 2883 ἐμοὺς
607 2805 700 2871 ἄθλους
711 2801 809 2885 φόροις,

213 2894 258 2955 dem
269 2901 355 2955 θανεῖν
368 2894 419 2972 μέν
431 2897 501 2955 ίστιν
513 2897 542 2954 οὔ
554 2891 733 2975 πεπρωμέναν·

212 2985 270 3056 εῖν-η
282 2984 334 3067 γάρ
345 2976 378 3058 ἦν
393 2984 426 3044 δν
437 2982 569 3062 πημάτων
581 2980 734 3059 ἀπαλλαγή·

175 3092 201 3132 ras
212 3079 250 3133 νῦν
261 3074 284 3132 δ’
296 3073 371 3132 ὠδέν
383 3075 440 3132 ἐστι
450 3071 536 3154 τέρμα
549 3093 594 3148 μοι
604 3068 775 3152 προκείμενον

212 3161 321 3242 μόχθων,
333 3160 395 3244 πρὶν
409 3159 441 3220 διν
454 3158 519 3226 Ζεὺς
531 3156 632 3236 ἐκπέσῃ
643 3155 801 3238 τυραννίδος.

508 3265 550 3311 ΙΩ.

212 3331 244 3402 Ἠ
255 3339 307 3422 γάρ
319 3338 378 3398 ποτ’
390 3337 461 3398 ἐστίν
473 3339 593 3396 ἐκπεσεῖν
605 3337 689 3417 ἀρχῆς
700 3333 765 3406 Δίας

432 3440 638 3486 ΠΡΟΜΗΘΕΥΣ.

211 3514 292 3576 Ἥδοι’
304 3513 347 3587 δν,
360 3504 449 3592 οἶμαι,
460 3511 532 3584 τήνδ’
543 3513 634 3571 ἰδοῦσα
645 3508 793 3590 συμφοράν.

512 3616 555 3661 ΙΩ.

212 3693 268 3759 Πῶς
279 3690 301 3750 δ’
313 3691 363 3750 οὒκ
374 3687 416 3764 ἂν,
426 3688 484 3759 ἥτις
495 3689 525 3746 ἐκ
536 3685 597 3753 Διὀς
609 3685 708 3765 πάσχω
720 3687 824 3756 κακῶςς

430 3790 642 3838 mmmm·

174 3885 201 3926 του
211 3867 251 3935 Ὦς
261 3868 347 3927 τοίνυν
359 3867 441 3927 όντων
451 3863 534 3925 τῶνδέ
548 3887 588 3925 σοι
601 3869 694 3942 μαθεῖν
706 3861 789 3944 πάρα.

513 3968 556 4015 ῘΩ.

213 4042 278 4126 Πρδς
287 4048 334 4102 τοῦ
346 4039 462 4124 τύραννα
474 4045 596 4121 σκῆπτρα
609 4037 798 4113 συληθήσεται,

430 4145 633 4191 ΠΡΟΜΗΘΕΥΣ.

213 4219 289 4288 λθτδς
299 4219 366 4303 πρδς
378 4222 458 4279 αὑτοῦ
470 4217 630 4300 κενοφρόνων
644 4214 842 4296 βουλευμάτων.

214 4394 284 4478 iloto
296 4394 404 4478 τρόπῳς
416 4323 554 4474 σίμηνόιῖ,
563 4395 586 4452 εἰ
598 4391 635 4470 μή
647 4416 685 4460 τις
699 4391 794 4473 uider..

432 4497 640 4543 iimitem.

214 4572 293 4648 Γαμεῖ
306 4569 394 4650 γάμον
404 4575 520 4629 τοιοῦτον
533 4561 556 4651 ᾧ
567 4568 625 4628 ποτ’
637 4569 755 4649 ἀσχαλᾷ.

171 4763 203 4803 ets
213 4745 362 4829 Θέορπον,ἢ
377 4745 492 4828 βρότειον
501 4673 643 4826 ς’ῖῖρητδν,
655 4742 763 4827 φράσον.

431 4848 637 4894 ΠΡΟΜΗΘΕΥΣ.

214 4925 236 4982 Τ
238 4921 246 4979 ί
258 4921 279 4981 δ’
291 4919 384 4994 ὅντιν’,
397 4922 426 4979 οὗ
439 4918 490 5001 γάρ
503 4918 579 5001 ρητδν
592 4920 720 4977 αὐδᾶσθαι
731 4917 803 4976 τάδε.

215 5086 249 5157 ἸΙ
260 5096 324 5178 πρδς
337 5095 471 5180 δάμαρτος
484 5022 650 5163 δξθῖθίσταται
662 5093 773 5176 θρόνους
796 5140 798 5145 .

434 5192 637 5243 ΠΡΟΜΗΘΕΥΣ.

219 5269 254 5331 Ἣ
265 5269 366 5342 τίςιταί
377 5293 409 5351 γε
421 5270 504 5331 παῖδα
515 5267 636 5351 φέρτερον
647 5268 754 5350 πατρός.

240 5384 367 5420 mutuis.

1202 483 1515 573 unouuuuuus.

973 621 1087 671 transitus
1096 622 1133 671 tui
1141 626 1212 687 atque
1221 625 1252 675 eb
1261 640 1290 676 eo
1301 630 1422 693 Bosporus
1432 632 1526 683 nominc

970 707 1102 758 vocabitur.
1114 710 1205 761 Relicto
1214 716 1295 763 autem
1306 719 1408 780 Europae
1418 719 1469 769 solo

1719 485 1754 562 ιι

969 793 995 843 iu
1004 796 1067 845 Asim
1077 798 1239 849 continentem
1250 805 1339 852 miram
1350 805 1442 856 venies.
1453 809 1546 869 Ergone
1556 807 1627 860 vobis
1637 810 1732 863 videtur

969 880 1069 933 deorum
1079 888 1157 935 rector
1165 886 1189 935 in
1198 888 1263 937 omni
1273 902 1299 939 re
1307 890 1418 942 similiter

969 969 1089 1022 violentus
1098 977 1234 1024 eumenum
1243 975 1290 1026 ista
1298 978 1363 1028 enim
1372 979 1467 1030 mortali
1476 981 1537 1034 deus

1694 987 1752 1052 {uu

969 1070 1044 1118 qurum
1054 1059 1127 1109 veltet
1135 1064 1307 1114 commercium
1316 1065 1421 1128 θοίναις,
1428 1069 1452 1118 in
1460 1068 1505 1119 lios
1515 1084 1569 1120 eam
1579 1085 1672 1125 emores
1680 1079 1751 1138 conju

969 1145 1087 1195 Acerbum
1097 1159 1168 1210 voro,
1177 1162 1192 1197 o
1201 1151 1293 1213 puella,
1304 1154 1408 1216 conjugii
1416 1156 1453 1205 tui
1465 1159 1534 1207 necta
1543 1173 1570 1209 es

968 1245 1081 1297 procum3
1090 1247 1145 1284 nam
1155 1249 1227 1298 quam
1236 1252 1300 1289 nunc
1308 1241 1422 1292 audivisti
1432 1246 1608 1309 narrationem,

968 1332 996 1370 ea
1005 1320 1049 1370 tibi
1058 1335 1088 1372 ne
1096 1322 1121 1372 in
1130 1323 1228 1375 exordio
1237 1327 1334 1389 quidem
1343 1341 1395 1380 csse
1404 1329 1522 1384 videatur.

968 1496 1232 1559 vae,vaemrnr,neur
1345 1434 1388 1478 ’θ’

1253 1608 1468 1654 ennaremus.

967 1670 1003 1718 Tu
1014 1680 1070 1720 vero
1079 1685 1162 1722 rursus
1172 1673 1246 1735 ejuias
1256 1680 1328 1738 atque
1339 1679 1458 1742 suspiras:
1469 1683 1527 1744 quid
1537 1683 1634 1735 tandem

968 1756 1139 1821 iacies,quum
1148 1761 1240 1825 reliqua
1248 1763 1311 1812 mala
1320 1767 1480 1827 cognoveris?
1513 1762 1516 1767 ’

968 1935 1031 1982 Num
1043 1934 1101 1996 quid
1113 1935 1169 1986 huie
1178 1871 1425 2001 ntiquumcgffirlnso
1436 1941 1519 1995 dices?

1253 2046 1467 2091 Peenameus,

967 2114 1168 2175 Tempestuosum
1178 2116 1262 2178 otique
1271 2130 1337 2168 mare
1346 2132 1420 2168 smum
1428 2120 1580 2171 calamitatis.

967 2285 1030 2344 Quid
1039 2300 1095 2349 emo
1105 2288 1163 2338 mitri
1172 2289 1271 2352 prodest
1280 2225 1411 2351 viverlg'at
1420 2307 1469 2344 ooo
1478 2295 1528 2345 cito

967 2370 997 2421 dc
1006 2372 1052 2423 hoo
1060 2385 1145 2437 aspem
1155 2376 1256 2440 scopulo
1268 2389 1307 2427 me
1316 2379 1422 2441 projeci,

968 2455 995 2508 ut
1003 2459 1054 2510 solo
1063 2461 1290 2516 aliisaabomuibus
1298 2465 1421 2517 tuberibus

966 2544 1065 2597 liberata
1073 2548 1188 2601 fuissem?
1197 2553 1278 2602 satius
1286 2553 1351 2603 enim
1360 2559 1397 2604 cst
1407 2556 1469 2605 illico
1479 2557 1553 2618 mori,

966 2647 1040 2698 qaam
1049 2650 1092 2700 per
1100 2651 1185 2689 omues
1194 2641 1251 2689 vitae
1260 2640 1312 2690 dies
1321 2641 1423 2692 adversa
1432 2643 1528 2694 fortuna
1537 2646 1676 2698 conflictari.

1250 2748 1467 2792 enuntiemus

967 2811 1077 2861 Proiecto
1086 2825 1149 2875 aegre
1158 2813 1252 2863 iabores
1261 2816 1374 2864 tolerares
1384 2830 1464 2878 meos,

967 2899 1006 2948 cui
1018 2900 1077 2948 mori
1087 2913 1129 2962 per
1138 2900 1187 2949 sota
1196 2914 1244 2950 non
1254 2907 1292 2951 est
1301 2915 1457 2953 concessum:

968 2986 1014 3036 hoc
1023 2987 1087 3036 enim
1096 2991 1160 3037 esset
1169 3001 1330 3038 rerumnarum
1339 3003 1447 3041 meorum
1456 2992 1579 3054 effugium.

967 3078 1036 3126 Nunc
1044 3089 1102 3136 vero
1110 3076 1191 3126 nulius
1201 3077 1316 3126 terminus
1325 3077 1386 3127 mihi
1397 3080 1533 3142 propositus
1542 3085 1581 3131 est

967 3163 1090 3226 laborum,
1100 3169 1228 3228 eumquam
1237 3165 1332 3229 Jupiter
1343 3179 1416 3229 regim
1426 3168 1550 3219 exciderit.

968 3344 1031 3392 Num
1041 3339 1168 3405 aliquando
1176 3342 1296 3404 continget
1306 3345 1333 3391 ut
1339 3273 1435 3406 δῖιρὶῑει
1444 3357 1518 3406 regno
1527 3344 1639 3396 excidat?

1252 3449 1467 3493 Pnomuuflaus.

968 3516 1104 3574 Gauderes,
1116 3518 1210 3582 opinor,
1220 3517 1241 3568 si
1250 3519 1313 3568 trano
1322 3517 1415 3569 cladem
1424 3519 1528 3571 videres.

969 3693 1072 3754 Quidni,
1082 3707 1137 3756 qum
1146 3694 1176 3742 ab
1184 3696 1246 3744 Jove
1254 3624 1477 3758 gravitolroctiiigart

1252 3801 1467 3845 Puomuuflaus.

970 3874 1028 3921 Haec
1037 3883 1094 3920 sane
1104 3870 1136 3919 ita
1146 3871 1225 3920 tutum
1235 3884 1301 3932 esso,
1311 3885 1326 3920 a
1335 3885 1374 3920 me
1383 3884 1513 3933 cognosces
1522 3871 1588 3922 ticet.

969 4051 1015 4097 Per
1023 4060 1095 4110 quem
1106 4045 1170 4109 regio
1180 4050 1274 4108 sceptro
1283 3978 1450 4107 εροΙίῖιῖθίῑοτΡ.

1256 4149 1468 4191 mouerimus.

968 4222 1023 4286 ipse
1032 4234 1074 4284 per
1084 4233 1127 4270 sua
1136 4218 1309 4268 inconsiderata
1318 4217 1424 4266 consitio.

1340 4325 1382 4365 ιο.

970 4401 1024 4455 Quo
1034 4395 1120 4445 inodo?
1129 4391 1222 4452 indica,
1235 4393 1279 4441 nisi
1290 4392 1347 4455 quid
1358 4393 1422 4442 inest
1434 4392 1589 4442 incommodi.

1254 4498 1468 4541 Puoaluafleus.

970 4571 1027 4621 Tale
1036 4570 1104 4620 inibit
1114 4568 1309 4630 matrimonium,
1321 4581 1369 4631 quo
1379 4564 1508 4628 aliquando
1518 4566 1616 4617 dolebit.

1340 4675 1382 4716 10.

922 4786 925 4791 f
969 4747 1084 4797 Divinum
1093 4761 1123 4796 en
1132 4747 1283 4796 tranianum?
1293 4743 1313 4792 si
1325 4744 1360 4792 ias
1369 4747 1420 4802 est,
1430 4742 1536 4805 loquere.

1255 4848 1470 4891 enodaremus

970 4921 1035 4982 Quid
1044 4920 1164 4985 quodnam
1175 4921 1322 4980 interroqos
1330 4922 1345 4967 ι’
1353 4931 1400 4966 non
1410 4917 1448 4966 cst
1458 4914 1494 4964 ias
1503 4913 1556 4964 iimo
1566 4913 1652 4964 dicere.

1240 5048 1243 5055 ι
1339 5024 1382 5065 10.

970 5103 1033 5151 Num
1043 5112 1085 5161 per
1095 5110 1193 5147 uxorem
1206 5109 1278 5157 regno
1287 5093 1400 5144 excidet?

1254 5198 1469 5243 PROMETHEUS.

971 5275 1057 5326 Filium
1067 5274 1106 5324 itta
1116 5274 1192 5337 pariet
1201 5274 1268 5335 patre
1277 5267 1476 5332 prestantiorem.

1636 5360 1650 5400 2

1760 2561 1764 2587 i
