3840 6000
793 448 1006 509 PRAEFATIO·
1512 470 1553 513 ru

243 595 338 658 tatas
360 607 498 657 eorum
514 576 735 683 scripturas.
749 577 935 656 viderem.
953 579 1091 685 Itaque
1106 604 1224 655 nemo
1243 577 1386 693 mirum
1401 598 1553 658 censeat

241 716 350 827 quod
386 718 507 795 multa
540 720 683 795 intacta
719 717 884 823 reliqui,
918 745 1007 823 quae
1038 716 1345 795 divinationibus
1375 719 1554 797 virorum
1640 700 1645 710 ’

241 850 450 928 doctorum
471 867 645 927 correcta
662 867 797 927 essent.
817 850 910 926 Haec
928 849 1160 956 plerumque
1178 849 1292 926 nimis
1309 847 1432 927 dubia
1448 848 1556 930 vide-

243 982 398 1059 bantur.
414 981 473 1058 Ita
490 978 598 1087 quod
616 980 767 1058 mireris
783 1008 832 1057 ne
846 981 1062 1057 Hermauni
1082 978 1244 1086 quidem
1260 997 1401 1086 aperta
1421 998 1557 1087 operta

242 1114 376 1207 ascivi,
400 1112 494 1217 quia
522 1138 605 1187 non
622 1111 705 1187 sine
729 1111 907 1214 periculo
925 1107 967 1187 id
993 1137 1055 1187 me
1079 1109 1272 1188 facturum
1282 1108 1479 1189 videbam.
1498 1113 1556 1191 Ita

242 1245 488 1321 Hermannus
504 1242 545 1318 in
566 1242 690 1318 Persis
709 1270 744 1318 v.
768 1269 889 1336 1000,

595 1408 714 1488 Ἔτοφον
727 1409 837 1490 ἔταφον·
849 1412 895 1468 οὐκ
906 1408 972 1490 ἀμφὶ
985 1417 1092 1480 σκηναῖς

597 1514 806 1597 τροχηλάτοισιν,
817 1514 921 1574 ὄπισθεν
934 1514 1067 1593 ἑπόμενοι,

243 1662 361 1739 latine
380 1663 497 1739 vertit
525 1691 533 1737 :
555 1662 696 1754 miror,
728 1663 850 1738 miror
861 1692 878 1754 ,·
906 1690 984 1739 non
997 1678 1091 1738 sunt
1106 1662 1212 1738 circa
1235 1662 1441 1740 tentorium
1451 1691 1560 1768 ponc

241 1811 453 1899 sequenter.
469 1794 620 1871 -Verum
639 1795 787 1871 Xerxes
804 1794 911 1871 solus
936 1792 1044 1871 adest
1067 1821 1197 1899 neque
1232 1795 1416 1873 convenit
1437 1795 1560 1873 choro

244 1921 342 2000 illud
362 1925 510 2016 miror,
552 1924 682 1999 miror.

290 2055 346 2143 ‚In
383 2054 708 2159 interpretatione
740 2052 860 2130 latina
889 2051 929 2131 id
954 2055 1198 2157 potissimum
1224 2071 1376 2132 secutus
1401 2082 1487 2132 sum
1518 2071 1563 2133 ut

245 2184 418 2288 AEschyli
440 2184 561 2261 verba
584 2183 808 2261 brevissime
830 2199 869 2259 et
889 2184 1171 2260 accuratissime
1192 2183 1311 2261 latiae
1331 2182 1561 2279 redderem,

246 2334 401 2422 poetam
418 2331 525 2391 ratus
542 2315 724 2391 facillime
741 2314 933 2418 intelligi,
960 2315 991 2391 si
1010 2312 1147 2390 cadem
1165 2315 1353 2392 orationis
1374 2315 1565 2392 brevitate

247 2447 380 2524 eadem
401 2473 510 2523 sensa
537 2445 812 2521 excitarentur.
838 2445 979 2552 Neque
1000 2442 1142 2522 dubito
1169 2444 1269 2551 quin
1295 2445 1564 2549 AEschyluseo

248 2581 382 2656 melius
408 2578 654 2682 exprimatur
677 2603 760 2681 quo
784 2577 904 2679 magis
932 2575 1061 2653 verbis
1092 2577 1184 2681 ipsis
1214 2577 1408 2654 institeris.
1433 2578 1491 2655 lta
1512 2576 1566 2653 fa·

165 2754 171 2769 ·
245 2711 386 2789 cillime
407 2709 487 2786 vim
511 2725 637 2814 poetae
664 2724 856 2784 assecutus
878 2707 930 2784 sis
953 2707 1238 2813 retinuerisque
1267 2706 1468 2785 brevitatis
1496 2707 1566 2786 de-

246 2872 312 2922 cus
335 2840 445 2950 quod
466 2868 549 2918 non
566 2841 670 2916 inter
690 2839 849 2916 minima
867 2838 1119 2916 referendum
1134 2839 1194 2916 sit.
1215 2840 1386 2916 Brevitas
1404 2838 1566 2946 quidem

246 2975 525 3052 obscuritatem
541 2980 644 3078 parit
674 3000 682 3047 :
711 2999 848 3047 verum
875 2969 1066 3068 diminui,
1093 2988 1286 3076 utputo,
1317 2972 1394 3049 hoc
1420 2972 1568 3050 incom-

248 3107 409 3185 modum
441 3105 584 3183 additis
616 3104 803 3181 brevibus
845 3104 1251 3208 interpretationibus.
1284 3103 1437 3182 Deinde
1472 3133 1568 3183 vero

247 3239 453 3343 AEsehylus
482 3265 565 3315 non
594 3238 625 3314 is
647 3255 703 3314 est
725 3238 794 3343 qui
822 3265 845 3312 a
875 3237 1123 3315 somnolento
1164 3255 1204 3315 et
1237 3238 1424 3316 oscitante
1446 3238 1567 3316 lecto·

250 3399 289 3448 re
303 3370 470 3473 intelligi
485 3370 616 3474 possit.
632 3368 766 3465 Quare
786 3369 855 3474 qui
868 3369 974 3445 volet
989 3395 1224 3472 cognoscere
1234 3368 1463 3473 AEschylum
1481 3397 1564 3447 nou

247 3503 456 3579 deterritus
480 3499 678 3604 cogitandi
701 3498 839 3577 labore
869 3529 877 3576 :
911 3502 946 3576 ei
972 3501 1053 3577 haec
1077 3501 1351 3605 interpretatio
1377 3502 1467 3579 satis
1494 3501 1569 3579 erit

247 3633 366 3710 l'aeilis
393 3649 433 3708 et
456 3633 673 3735 perspicua.
697 3631 742 3707 ln
765 3631 924 3736 reliquis
952 3632 1041 3708 satis
1062 3630 1220 3709 habebo
1247 3632 1278 3708 si
1299 3659 1384 3709 mea
1406 3659 1570 3739 quoque

248 3793 369 3870 opera
392 3761 540 3869 aliquid
571 3791 618 3839 eo
643 3762 877 3839 contulerim
913 3781 956 3840 ut
980 3762 1224 3870 frequentius
1251 3780 1368 3867 poeta
1396 3763 1568 3868 legatur,

249 3924 328 4001 quo
344 3894 614 3971 sublimiorem
641 3894 826 4001 lectuque
848 3893 1070 3997 digniorem
1105 3896 1315 4001 antiquitas
1352 3894 1473 3973 habet
1503 3923 1571 3972 ne-

250 4029 406 4103 minem.
993 4018 1000 4031 ⁸

300 4157 378 4236 Sed
394 4157 473 4262 jam
493 4185 646 4235 necesse
673 4175 729 4235 est
756 4156 805 4234 ad
833 4158 900 4234 illa
924 4157 1053 4235 redire
1072 4187 1161 4265 quae
1188 4177 1255 4237 aut
1270 4159 1477 4255 innovavi,
1503 4173 1572 4234 aut

251 4291 392 4367 intacta
426 4289 580 4395 reliqui.
608 4290 707 4387 Quae
740 4289 834 4366 dum
861 4318 1040 4395 expono,
1062 4319 1194 4367 meum
1216 4318 1298 4367 uon
1325 4317 1404 4366 esse
1431 4316 1570 4367 censeo

251 4440 294 4498 ut
307 4422 403 4498 alios
422 4419 666 4524 redarguam.
685 4422 784 4499 Satis
799 4420 957 4498 habebo
972 4451 1047 4528 pro
1064 4423 1242 4499 instituto
1262 4448 1350 4498 meo
1370 4420 1571 4499 brevitatis

254 4552 318 4630 illa
337 4580 659 4631 commemorasse
675 4571 713 4631 et
735 4552 805 4629 ubi
819 4553 894 4630 fuit
914 4555 1170 4630 uecessarium
1190 4554 1419 4632 defendisse.
1609 4532 1613 4539 Ι
