3840 6000
333 499 621 561 ΑΓΑΜΕΜΝΩΝ.

93 663 135 703 stu
148 646 286 707 δοκοῦντας
298 631 365 698 εἶναι
378 638 465 723 κάρτα
477 646 632 724 πρευμενεῖς
645 643 715 723 ἐμοί.

148 728 235 797 Μόνος
248 729 271 788 δ’
285 727 442 802 Ὀδυσσεύς,
454 727 537 811 όοπερ
549 733 598 812 οθχ
611 729 678 790 ἐκιδν
691 732 780 810 έπλει,

148 819 263 898 ζευχθεὶς
276 815 379 896 έτοιμος
391 808 424 889 ἦν
435 816 496 895 ἐμοὶ
507 818 668 902 σειραφόρος·

146 905 192 965 εἴτ’
208 896 252 964 οῦν
266 902 387 973 θανόντος
401 902 452 963 εἴτε
465 903 511 963 καὶ
523 909 618 974 ζῶντος
628 905 689 989 πέρι

148 992 226 1073 λέγω.
237 991 281 1054 Τδι
296 994 319 1051 δ’
331 992 401 1051 ἀλλα
414 990 480 1074 πρδς
494 990 570 1053 πολιν
579 1017 608 1053 τε
619 994 666 1054 καὶ
679 995 751 1064 θεοὺς

95 1102 137 1144 nit
149 1080 248 1149 κοινούς
260 1083 362 1161 ἀγῶνας
376 1079 461 1148 θέντες
475 1083 502 1141 ἐν
510 1081 655 1163 πανηγύρει

153 1168 375 1250 βουλευσόμεσθα.
392 1169 447 1230 Καὶ
460 1169 491 1229 τὸ
505 1168 553 1250 μὲν
568 1174 656 1240 καλῶς
669 1171 729 1251 ἔχον

150 1257 221 1324 ὅπως
233 1256 350 1338 χρονίζον
364 1247 393 1316 εύ
407 1261 482 1336 μενεῖ
496 1257 658 1338 βουλευτέον·

150 1345 203 1427 ὅτῳ
218 1345 245 1404 δέ
260 1344 305 1404 καὶ
321 1346 361 1404 δεῖ
373 1344 521 1427 φαρμάκων
533 1345 678 1419 παιωνίων,

150 1433 210 1505 ἤτοι
222 1431 327 1500 κέαντες
338 1430 356 1504 ἢ
370 1431 492 1510 τεμόντες
505 1431 633 1515 εὐφρόνως

96 1542 138 1582 aso
150 1518 347 1603 πειρασόμεσθα
361 1519 429 1597 πη”μ’
444 1520 609 1602 ἀποστρέψαι
623 1518 709 1582 νόσου.

151 1611 207 1669 Νῦν
222 1608 245 1667 δ’
259 1609 284 1674 ἐς
296 1605 413 1688 μέλαθρα
421 1607 466 1666 καλ
478 1605 571 1685 δόμους
583 1606 714 1689 ἐφεστίους

152 1695 234 1756 ἐλθών
248 1700 330 1754 θεοῖσι
344 1697 438 1776 πρώτα
454 1693 629 1774 δεξιώσομαι,

151 1787 226 1871 οῖπερ
240 1786 331 1869 πρόσω
345 1785 496 1867 πέμψαντες
509 1786 609 1867 ἤγαγον
623 1785 715 1847 πάλιν.

153 1877 223 1948 Νίκη
238 1874 260 1934 δ’
275 1872 383 1956 ἐπείπερ
397 1873 497 1948 ἕσπετ’,
512 1874 633 1953 ἐμπέδως
647 1872 728 1951 μένοι.

334 1969 611 2016 ΚΔΥΓΔῙΜΝΗΣΤΡΔ.

99 2065 139 2104 nos
153 2041 260 2125 Ἄνδρες
272 2041 394 2114 πολῖται,
408 2039 523 2120 πρέούος
537 2037 659 2123 Ἀργείων
672 2039 745 2115 τόδε,

152 2133 198 2190 οῦκ
212 2133 387 2210 αἰσχυνοῦμαι
400 2126 460 2194 τούς
473 2125 613 2209 φιλάνορας
625 2127 737 2209 τρόπους

150 2218 223 2288 λέξαι
237 2217 302 2298 πρδς
316 2219 392 2294 ὑμᾶς·
408 2217 434 2274 ἐν
449 2213 536 2297 χρόνῳ
550 2215 573 2273 δ’
588 2215 724 2298 ἀποφθίνει

151 2305 181 2365 τδ
193 2304 288 2386 τάρύος
303 2301 484 2385 ἀνθρώποισιν.
499 2306 558 2363 Ode
570 2302 658 2362 ἀλλων
672 2301 757 2386 πάρα

66 2450 72 2455 .
153 2392 273 2473 μαθοῦσ’,
290 2394 407 2471 ἐμαυτῆς
417 2391 466 2450 δύσ
501 2414 544 2474 ρον
557 2390 625 2460 λέξω
641 2390 707 2472 βίον,

97 2504 138 2544 ssu
147 2480 246 2542 τοσόνδ’
261 2479 370 2562 όσονπερ
383 2415 502 2552 ούτοςψίν
516 2482 561 2537 ὑπ’
574 2478 654 2560 Ἰλίῳ.

151 2571 190 2630 Τὸ
207 2568 254 2647 μέν
267 2572 379 2648 γυναῖκα
392 2570 495 2649 πρῶτον
509 2567 615 2649 ἀρσενος
629 2566 690 2647 δίχα

152 2650 230 2730 ἧσθαι
245 2656 333 2734 δόμοις
347 2655 445 2740 ἔρημον
460 2653 591 2734 ἔκπαγλον
605 2654 695 2728 κακδν,

153 2744 250 2813 πολλδις
262 2741 391 2803 κλύουσαν
405 2741 500 2815 ἡδονάς
513 2741 697 2821 παλιγκότους·

153 2833 199 2893 καί
213 2832 256 2892 τδν
273 2830 319 2910 μὶν
332 2830 416 2906 ἥκειν,
430 2829 474 2891 τὸν
488 2830 510 2889 δ’
524 2828 684 2913 ἐπεισφέρειν
696 2833 778 2890 κακοῦ

97 2944 136 2982 sos
150 2922 241 2981 κάκιον
255 2920 320 2980 άλλο
334 2923 427 2998 πῆμα,
440 2917 588 2985 λάσκοντας
601 2917 698 2995 δόμοις.

151 3010 207 3071 Καὶ
220 3008 377 3091 τραυμάτων
391 3007 439 3086 μὲν
453 3010 476 3066 εἰ
489 3004 573 3066 τόσων
588 3005 728 3087 ἐτύγχανεν

151 3097 216 3180 ἀνὴρ
230 3096 282 3169 ὅδ’,
296 3100 332 3164 ὡς
344 3094 408 3178 πρδς
421 3085 491 3154 οἷκον
505 3090 650 3174 ὠχετεύετο

150 3186 238 3267 φάτις,
251 3184 378 3267 τέτρωται
391 3181 495 3243 δικτύου
510 3182 583 3242 πλέω
593 3181 687 3261 λέγειν.

150 3277 183 3336 Εἰ
198 3275 221 3334 δ’
234 3265 267 3346 ἦν
280 3269 423 3344 τεθνηκώς,
438 3274 474 3338 ὡς
488 3269 617 3342 ἐπλήθυον
631 3268 718 3349 λόγοι,

96 3385 136 3424 sno
149 3359 312 3443 τρισώματός
325 3359 374 3419 κάν
390 3357 499 3442 Γηρυὼν
513 3362 528 3417 ὃ
540 3355 658 3439 δεύτερος

149 3448 250 3522 πολλὴν
265 3449 371 3522 ἀνωθεν,
384 3447 432 3521 τὴν
444 3445 518 3507 κάτω
533 3445 584 3528 γάρ
598 3448 627 3505 ού
642 3444 712 3523 λέγω

148 3536 253 3617 χθονὸς,
267 3534 399 3618 τρίμοιρον
412 3537 525 3617 χλαῖναν
538 3533 643 3613 ἐξηύχει
656 3530 756 3604 λαθών,

149 3624 220 3692 ἅπαξ
234 3622 337 3705 ἑκάστῳ
350 3623 485 3684 κατθανὼν
500 3620 668 3704 μορφώματι.

150 3711 262 3774 Τοιώνδ’
275 3709 350 3770 έκατι
363 3710 496 3784 κληδόνων
510 3708 687 3788 παλιγκότων,

95 3824 136 3863 ans
148 3798 248 3866 πολλδς
261 3798 358 3859 ἀνωθεν
372 3799 487 3882 ἀρτάνας
500 3801 565 3876 ἐμῆς
579 3795 654 3878 δέρης

150 3887 245 3947 ἔλυσαν
260 3887 335 3948 άλλοι
348 3886 412 3970 πρδς
426 3887 486 3968 βίαν
499 3882 676 3963 λελημμένης.

150 3977 202 4038 Ἐκ
216 3976 297 4035 τῶνδέ
309 3999 350 4035 τοι
363 3976 426 4042 παῖς
439 3972 523 4034 ἐνθάδ’
537 3974 567 4032 οὐ
583 3975 763 4053 παραστατεῖ,

151 4068 221 4143 ἐμῶν
234 4088 263 4123 τε
277 4063 323 4123 καί
337 4066 390 4122 σῶν
403 4060 491 4145 κύριος
505 4059 705 4138 πιστευμάτων,

149 4157 185 4220 ὡς
197 4157 275 4233 χρῆν,
289 4151 424 4233 Ὀρέστης·
439 4148 507 4229 μηδὲ
522 4146 662 4228 θαυμάσῃς
673 4147 740 4208 τόδε.

94 4263 137 4301 σω
149 4238 247 4320 Τρέφει
259 4236 310 4321 γάρ
325 4236 402 4297 αύτδν
415 4239 526 4316 εύμενης
539 4233 670 4318 δορύξενος

149 4325 276 4408 Στρόφιος
288 4331 302 4385 δ
316 4325 441 4399 Φωκεύς,
456 4322 608 4406 ἀμφίλεκτα
622 4321 738 4401 πόματα

149 4415 208 4492 ἐμοὶ
221 4417 375 4496 προφωνῶν,
389 4412 434 4472 τόν
448 4413 470 4471 θ’
486 4412 531 4471 ὑπ’
544 4411 618 4493 Ἰλίῳ
633 4409 706 4472 σέθεν

149 4501 276 4576 κίνδυνον,
289 4500 314 4561 εἴ
326 4525 355 4561 τε
370 4499 515 4579 δημόθρους
529 4497 644 4580 ἀναρχία

150 4589 246 4670 βουλὴν
260 4587 453 4672 καταρρίψειεν,
465 4587 533 4647 ὥστε
547 4586 672 4667 σύγγονον

93 4701 135 4740 sss
148 4683 265 4760 βροτοῖσι
278 4677 322 4737 τδν
336 4675 451 4736 πεσόντα
465 4675 591 4735 λακτίσαι
607 4673 698 4733 πλέον.

149 4766 251 4829 ’λὀιάδε
266 4764 355 4844 μέντοι
370 4765 466 4846 σκῆψις
477 4765 506 4823 ού
519 4761 593 4823 δόλον
608 4761 689 4844 φέρει.

148 4850 263 4932 Ἔμοιγε
279 4852 326 4933 μέν
342 4851 374 4924 δὴ
389 4849 550 4929 κλαυμάτων
564 4850 700 4910 ἐπίσσυτοι

148 4941 234 5021 πηγαί
246 4940 452 5014 κατεσύήκασιν,
466 4940 519 5000 οὐδ’
534 4938 572 4999 ἔνι
587 4937 700 5016 σταγών.

149 5029 198 5090 Ἐν
212 5028 351 5111 ὀψικοίτοις
365 5029 389 5087 δ’
402 5026 507 5107 όμμασι
522 5025 624 5107 βλάόας
638 5023 704 5104 ἐγω,

94 5138 136 5178 sec
150 5117 198 5184 τδις
212 5116 281 5200 ἀμφί
294 5140 336 5177 σοι
350 5115 479 5177 κλαίουσα
492 5111 710 5195 λαμπτηρουχίας

150 5205 332 5284 ἀτημελήτους
346 5204 411 5266 αέίν.
427 5204 474 5269 Ἐν
488 5202 511 5261 δ’
526 5200 641 5284 ὀνείρασι

151 5297 262 5361 λεπταῖς
274 5293 340 5353 ύπαλ
354 5292 479 5360 κώνωπος
492 5288 663 5373 ἐξηγειρόμην

1167 514 1433 580 ΑῦΑΜΕΜΝΟ.
1655 539 1694 588 ⁸9

912 647 988 700 luisse
999 662 1056 710 eos,
1068 650 1110 713 qui
1122 651 1229 714 proiecto
1237 653 1347 706 benevoli
1358 656 1418 706 mitri
1429 669 1484 708 esse
1493 657 1642 710 videbantur.

911 736 981 786 Solus
990 749 1047 787 vero
1059 737 1155 800 Ulixes,
1167 740 1211 802 qui
1223 755 1272 791 non
1282 755 1326 792 sus
1337 748 1422 806 sponte
1431 746 1572 808 navigabat,

910 836 986 886 quum
996 825 1068 875 semel
1077 826 1136 876 mihi
1147 826 1276 890 adjunctus
1284 834 1359 892 esset,
1370 837 1479 894 promtus
1490 834 1550 884 mihi
1560 835 1605 886 init
1620 846 1699 899 οηοιι

911 911 962 961 sire
970 911 1002 962 de
1012 916 1108 963 mortuo
1119 914 1171 965 sive
1181 915 1255 967 etiam
1266 916 1296 967 de
1307 918 1363 969 rivo
1583 923 1695 989 [innatis.

910 1000 1004 1063 loquor.
1016 1004 1053 1051 De
1064 1001 1166 1065 reliquis
1177 1005 1275 1069 autem,
1285 1020 1341 1071 quae
1352 1007 1384 1058 ad
1395 1008 1480 1059 urbem
1491 1014 1516 1061 et
1530 1010 1561 1060 ad
1572 1010 1631 1062 deos
1642 1025 1694 1075 per·

912 1086 975 1136 iacta
986 1089 1108 1138 communi
1119 1090 1214 1142 dicendi
1224 1097 1344 1156 potestate
1355 1094 1380 1144 in
1390 1097 1505 1149 concione
1597 1095 1695 1162 [tinent

911 1174 1111 1227 consonabimus.
1122 1181 1153 1228 Et
1164 1192 1220 1242 ηοω
1230 1180 1291 1231 bene
1303 1194 1357 1232 sese
1368 1183 1485 1247 habeant,

876 1292 880 1302 ·
911 1274 940 1311 ea
952 1263 979 1313 ut
987 1263 1012 1312 in
1022 1269 1144 1327 posterum
1151 1266 1194 1316 diu
1202 1267 1302 1319 firmiter
1312 1262 1439 1334 maneant,
1449 1273 1625 1337 providendum
1634 1277 1674 1327 est
1685 1290 1693 1325 r

912 1350 951 1400 cui
962 1363 1019 1402 vero
1029 1366 1090 1417 opus
1101 1357 1139 1404 est
1147 1354 1259 1406 remediis
1270 1358 1421 1421 sanantibus,

912 1433 955 1489 aut
966 1440 1058 1490 urendo
1067 1443 1111 1497 sut
1123 1442 1227 1494 secando
1239 1445 1360 1507 sapienter

912 1540 999 1577 nomm
1010 1529 1087 1579 morbi
1098 1528 1216 1594 depellere
1227 1532 1383 1583 tentabimus.

912 1619 982 1666 Nunc
989 1629 1046 1668 vero
1058 1618 1123 1669 aedes
1134 1618 1283 1685 domumque
1295 1634 1350 1672 meo
1363 1621 1416 1672 ioco
1427 1622 1555 1686 praeditam

912 1703 1035 1765 ingressus
1044 1705 1075 1755 ad
1086 1704 1146 1756 deos
1155 1707 1263 1758 dextram
1275 1722 1353 1760 ruearu
1364 1710 1487 1772 attollam,

912 1791 954 1854 qui
965 1804 1004 1842 me
1015 1793 1097 1856 procul
1107 1794 1244 1858 ablegatum
1255 1809 1339 1847 mrsus
1350 1796 1450 1848 domum
1460 1797 1616 1851 rednnmnt.

911 1878 1017 1930 Victoria
1026 1885 1121 1944 annm,
1132 1883 1246 1946 qnoniam
1257 1897 1297 1934 me
1308 1890 1389 1935 secuta
1399 1892 1449 1948 est,
1461 1886 1561 1938 tirmiter
1570 1888 1676 1939 maneat.

1178 1980 1436 2026 CLYTAEHNESTRA.

913 2053 1021 2114 ocires,
1030 2055 1180 2105 renmsbiles
1188 2056 1331 2119 Argivorum
1342 2071 1424 2118 senes,
1438 2059 1480 2121 qni
1493 2059 1532 2110 hic
1540 2059 1647 2122 adestis,

911 2153 960 2190 non
971 2140 1046 2204 pudet
1056 2155 1095 2192 me
1105 2144 1152 2193 mei
1161 2143 1235 2193 animi
1244 2143 1349 2195 indolem
1362 2145 1406 2195 riri
1417 2147 1610 2197 amantissimam
1622 2155 1624 2159 ’

911 2227 974 2292 apud
986 2242 1031 2278 ros
1041 2230 1181 2293 patefacere.
1192 2233 1274 2294 Longo
1286 2244 1345 2282 vero
1355 2236 1461 2296 tempore
1471 2234 1553 2284 interit
1633 2234 1695 2299 [aliis

911 2316 983 2366 timor
996 2317 1134 2370 hominibus
1146 2319 1174 2380 (i.
1187 2331 1209 2368 e.
1222 2319 1347 2369 desinunt
1356 2319 1472 2370 homines
1483 2321 1593 2384 timere).
1604 2323 1694 2374 Nonah

911 2403 996 2455 edocta
1006 2405 1166 2457 conditionem
1177 2406 1275 2458 uiuendi
1286 2420 1365 2458 meam
1377 2408 1487 2460 miseram
1498 2422 1617 2474 exponam

911 2490 981 2554 longo
991 2492 1032 2542 iiio
1043 2496 1165 2557 tempore,
1177 2507 1225 2557 ηιιο
1235 2494 1275 2544 hic
1285 2494 1316 2545 ad
1325 2496 1421 2558 ijam
1435 2496 1489 2546 tuit.

911 2580 1018 2629 Primum
1029 2581 1154 2632 mulierem
1166 2595 1274 2633 seorsum
1285 2595 1300 2632 a
1311 2583 1364 2633 viro

911 2667 976 2717 domi
986 2667 1069 2719 sedere
1079 2669 1125 2719 riri
1136 2670 1211 2722 tutela
1221 2675 1356 2732 carentem,
1368 2670 1451 2734 ingens
1463 2670 1553 2722 malum
1564 2673 1601 2722 est
1607 2707 1615 2733 ,

910 2769 986 2819 quum
1005 2757 1081 2806 multa
1097 2755 1184 2818 garrdia'
1199 2757 1281 2805 audiat
1298 2770 1354 2820 ηοεε
1375 2756 1438 2807 illico
1461 2771 1546 2808 rursus
1563 2759 1587 2808 in
1605 2759 1693 2808 mnam

910 2843 1019 2907 aliusque
1029 2844 1125 2906 uenire,
1137 2843 1198 2893 alius
1208 2843 1295 2894 inferre
1307 2843 1369 2892 maio
1466 2843 1568 2906 [putem
1580 2846 1691 2905 uertunt,

911 2931 979 2993 pejus
988 2929 1054 2980 aliud
1065 2929 1156 2980 malum
1167 2929 1239 2980 domo
1249 2931 1346 2980 reserat.

910 3022 941 3069 Et
950 3019 970 3069 si
984 3021 1019 3068 tot
1030 3018 1128 3068 vnlnere
1136 3018 1229 3081 accepit

910 3106 950 3156 hic
960 3106 1006 3167 vir,
1016 3105 1220 3170 quemadmodum
1231 3105 1330 3155 domuin
1342 3104 1442 3168 pertulit

910 3194 985 3255 tama,
998 3194 1123 3243 confossus
1133 3198 1170 3243 est
1182 3193 1215 3243 ita
1224 3197 1252 3243 ut
1262 3193 1341 3244 dicam
1352 3192 1407 3256 pins
1417 3204 1491 3255 quem
1501 3195 1562 3243 rete.

910 3281 953 3331 Sin
965 3286 1016 3331 erat
1026 3285 1136 3330 mortuus
1143 3316 1151 3344 ,
1165 3285 1193 3331 ut
1204 3279 1268 3330 lama
1279 3281 1429 3345 percrebuit,

909 3368 970 3418 alter
979 3368 1086 3431 prolecto
1095 3368 1211 3432 tricorpor
1220 3372 1315 3432 Geryon
1340 3367 1395 3434 [est
1401 3380 1458 3420 eam
1467 3366 1557 3418 dicum
1566 3374 1620 3419 esse
1628 3368 1692 3431 noio)

910 3456 1009 3506 multam
1023 3469 1127 3520 superne
1137 3455 1235 3521 [supro
1251 3455 1362 3521 terrum
1375 3457 1443 3519 (nam
1459 3469 1516 3520 quae
1532 3455 1593 3506 iulia
1605 3460 1692 3506 terram

911 3539 990 3587 terrm
996 3536 1111 3636 triplicem
1119 3537 1236 3587 chlaenam
1247 3535 1354 3586 induisse
1377 3536 1457 3585 loriari
1465 3539 1692 3599 possettnutmna:

909 3605 964 3644 crepe
972 3607 1023 3645 ιεριι
1033 3600 1068 3636 tut
1076 3601 1130 3636 esset
1137 3606 1207 3645 supra
1217 3599 1300 3637 terrm
1307 3606 1336 3636 no
1369 3607 1405 3636 υοι
1413 3599 1440 3636 ut
1446 3600 1558 3642 mortuus,
1567 3604 1616 3634 εωιι
1623 3602 1649 3634 tu
1678 3606 1693 3633 α

909 3656 985 3705 (inrum
996 3643 1071 3694 semel
1082 3657 1178 3707 quaque
1194 3645 1270 3692 torma
1281 3648 1391 3693 mortuus
1402 3646 1474 3693 esset.
1522 3643 1606 3679 cmm
1620 3640 1649 3678 au
1665 3649 1692 3679 m
1712 3671 1713 3674 ,

910 3734 1009 3795 Propter
1021 3730 1065 3781 hus
1076 3744 1184 3781 rumores
1196 3730 1307 3781 sinistros
1501 3704 1505 3712 ·
1521 3683 1638 3731 artarer).

910 3809 999 3858 multos
1010 3821 1082 3871 supra
1093 3808 1182 3858 collum
1193 3820 1270 3857 nenos
1280 3807 1380 3871 Ιηηηηηη
1391 3807 1490 3858 meis
1501 3818 1563 3856 mm

910 3896 1014 3947 astricte
1024 3895 1064 3945 aiii
1076 3909 1118 3959 per
1130 3896 1180 3945 vim
1191 3895 1325 3945 solverunt.

910 3986 1037 4048 Propterea
1048 3997 1106 4034 sane
1114 3983 1178 4033 iilius
1190 3987 1245 4032 tuus
1255 3981 1296 4032 hic
1306 3995 1355 4031 non
1366 3980 1451 4040 adest,

910 4071 951 4121 lidi
963 4071 999 4121 tui
1010 4070 1105 4132 meique
1113 4069 1217 4131 coniugii
1228 4069 1330 4131 pignus,

911 4164 938 4208 ut
949 4172 1003 4210 eum
1015 4157 1109 4218 decuit,
1122 4160 1229 4207 orestes.
1243 4158 1309 4206 lieno
1320 4155 1366 4204 hoc
1376 4153 1478 4203 mireris.

910 4246 1004 4298 Edumt
1012 4245 1075 4296 enim
1087 4244 1156 4294 illurn
1167 4242 1299 4293 benevolus
1314 4241 1420 4305 hospes,

911 4333 1034 4397 Strophius
1044 4331 1186 4392 Phocensis,
1198 4329 1310 4393 ancipitia
1322 4328 1385 4378 maia

912 4420 971 4469 ruihi
984 4417 1116 4482 prmdicens
1128 4422 1245 4480 tuumque
1257 4414 1288 4465 ad
1299 4415 1397 4477 Trojam

911 4507 1058 4572 periculum,
1068 4509 1092 4557 et
1102 4506 1123 4556 si
1132 4505 1208 4570 plebis
1217 4504 1362 4575 clamoribus
1373 4502 1477 4553 excitata

912 4595 997 4647 seditio
1003 4594 1129 4645 consilium
1138 4591 1261 4656 publicum
1273 4591 1449 4656 perturbasset,
1459 4589 1487 4639 ut
1495 4600 1648 4651 congenuum
1657 4592 1694 4638 est

911 4683 1053 4734 mortalibus
1064 4695 1133 4745 eum,
1143 4681 1185 4745 qui
1196 4681 1278 4743 lapsus
1289 4680 1335 4741 sit,
1345 4679 1420 4742 magis
1432 4676 1576 4742 proculcare.

912 4772 976 4824 Talis
984 4775 1116 4835 protentus
1126 4768 1233 4819 fraudem
1245 4767 1271 4817 in
1281 4781 1308 4818 ιο
1320 4767 1409 4817 nullom
1421 4765 1501 4816 habet

912 4867 947 4913 Ac
958 4860 1017 4910 ποῖοί
1028 4857 1126 4923 quidem
1135 4858 1185 4921 jam
1194 4857 1350 4906 lacrimarum
1360 4854 1447 4906 uberes

828 5015 830 5021 γ
858 4962 876 4968 ”
915 4950 994 4999 tontes
1005 4950 1257 5008 exaruerunt,neqnc
1270 4943 1375 5008 amplius
1385 4946 1453 5007 gutta
1465 4942 1535 5004 inest.
1631 4956 1633 4960 ¹

912 5041 942 5087 ln
950 5035 1027 5086 oculis
1037 5038 1118 5085 auteur
1130 5037 1204 5084 noctu
1215 5045 1269 5083 sero
1279 5029 1409 5094 consopitis
1420 5027 1531 5078 morbum
1542 5024 1664 5084 contrari,

913 5139 987 5189 quum
997 5123 1112 5188 disposita
1122 5127 1189 5172 tuum
1198 5120 1229 5171 ob
1240 5133 1337 5172 caumm
1348 5117 1415 5180 signa
1425 5115 1515 5178 ignium
1523 5112 1648 5182 deflerem,
1686 5158 1695 5182 Α,

913 5226 968 5277 ηοω
979 5201 1037 5261 mibi
1048 5224 1142 5274 semper
1152 5224 1200 5260 non
1212 5206 1393 5260 eniribehantur.
1404 5207 1432 5257 tn
1443 5201 1541 5253 sonmiis
1552 5212 1609 5250 vero

913 5299 1015 5351 excitata
1026 5313 1081 5373 auur
1091 5298 1204 5350 tenuibus
1215 5294 1299 5348 culicis
1363 5323 1365 5327 ·
