3840 6000
305 234 354 287 tta
375 228 441 279 COM

307 269 444 371 lleRldll

305 390 492 451 stetinum
506 370 566 433 ¹922

230 572 234 579 ⁴
466 844 475 857 .
610 594 1266 870 PRAEFATIO.

887 1075 992 1091 -αμ-

330 1348 510 1449 AEscam
531 1364 740 1470 tragoedias
754 1395 878 1472 qpum
901 1367 1021 1447 latine
1043 1388 1236 1448 verterem
1255 1373 1296 1448 iu
1315 1401 1429 1450 usum
1459 1402 1596 1452 eorum

278 1499 425 1607 quibus
446 1499 562 1575 lectio
583 1497 727 1575 sufficit
751 1499 925 1575 cursoria
951 1527 1082 1607 neque
1102 1520 1256 1607 tempus
1286 1521 1342 1580 est
1370 1532 1501 1610 neque
1527 1535 1597 1585 vo-

278 1633 407 1708 luntas
425 1629 641 1707 accuratius
658 1645 703 1704 ut
728 1629 930 1734 inquirant
949 1648 1121 1734 poetam,
1166 1660 1247 1710 non
1283 1635 1387 1710 inter
1404 1690 1407 1697 -
1422 1636 1597 1716 minimas

277 1762 547 1855 difficultates,
573 1758 720 1864 quibus
746 1786 867 1864 opera
888 1788 973 1837 mea
992 1760 1242 1839 obsideretur
1266 1764 1469 1869 plurimis,
1497 1768 1595 1845 rese·
1667 1738 1673 1750 .

277 1891 445 1970 rendum
475 1891 635 1996 putavi,
668 1888 776 1997 quod
804 1890 924 1967 verba
952 1892 1035 1997 ipsa
1069 1891 1217 1999 ubique
1245 1894 1298 1971 ita
1325 1896 1594 1976 constituenda

276 2041 388 2101 erant
412 2022 528 2101 etiam
554 2022 594 2097 in
617 2021 663 2098 iis
696 2021 814 2117 locis,
842 2022 1027 2127 quisunt
1053 2025 1357 2128 corruptissimi,
1382 2043 1427 2103 ut
1444 2027 1594 2134 aliquid

275 2154 409 2231 saltem
445 2150 733 2255 significarent,
763 2148 874 2255 quod
912 2179 1043 2257 neque
1084 2152 1317 2231 abhorreret
1347 2184 1368 2231 a
1405 2159 1593 2236 sententia

276 2283 506 2389 legibusque
535 2281 678 2384 linguae
699 2308 832 2385 graecae
852 2283 1079 2360 conveniret
1106 2311 1235 2390 neque
1264 2285 1472 2390 indignum
1498 2306 1593 2366 esset

277 2396 462 2519 gravitate
484 2413 701 2516 AEschylea.
722 2412 861 2518 Neque
877 2441 939 2489 me
953 2408 1092 2491 fefellit
1110 2417 1354 2520 provinciam
1379 2446 1401 2494 a
1420 2446 1481 2494 me
1508 2447 1589 2495 sus-

275 2564 427 2651 ceptam
463 2544 588 2621 multo
619 2542 818 2620 difficilius
842 2546 924 2649 geri
966 2574 1086 2651 quam
1117 2547 1148 2623 si
1180 2547 1409 2652 AEsclrylum
1453 2549 1586 2627 denuo

273 2676 428 2754 ederem
452 2675 512 2752 vel
532 2676 819 2752 commentariis
834 2675 1065 2754 instruerem
1087 2678 1148 2753 vel
1174 2706 1220 2755 ex
1240 2679 1448 2766 codicibus,
1462 2708 1592 2758 emen-

272 2808 418 2887 darem.
437 2809 537 2885 Nam
557 2808 588 2884 si
606 2805 689 2884 edis
707 2807 938 2912 scriptorem
965 2826 1158 2905 veterem,
1188 2809 1255 2886 ubi
1280 2811 1378 2886 nihil
1404 2812 1497 2888 novi
1522 2813 1588 2889 ha-
1682 2860 1685 2865 ·

271 2939 363 3017 beas
385 2956 453 3016 aut
472 2966 608 3016 verum
635 2936 734 3043 quid
760 2939 808 3016 sit
828 2938 1023 3016 allirmare
1043 2966 1122 3016 non
1151 2941 1290 3044 possis,
1322 2957 1450 3017 tacere
1471 2941 1587 3034 licet,

271 3073 345 3148 alia
377 3087 565 3176 corrupta
593 3068 718 3166 dicas,
750 3070 873 3147 multa
899 3069 1086 3167 obscura,
1119 3069 1311 3151 nonnulla
1343 3071 1459 3148 etiam
1490 3070 1588 3177 ejus-

272 3200 402 3297 modi,
431 3219 475 3278 ut
492 3201 574 3279 sine
596 3201 705 3278 novis
731 3196 913 3279 subsidiis
930 3200 1118 3305 explicari
1141 3217 1351 3306 nequeant.
1383 3201 1482 3298 Quae
1510 3230 1589 3281 nou

270 3330 549 3410 eodemmodo
570 3331 684 3409 faciat
705 3332 920 3437 interpres,
956 3332 1018 3408 eui
1038 3330 1187 3438 ubique
1208 3331 1284 3408 hoc
1306 3361 1449 3409 munus
1464 3334 1589 3439 impo-

267 3465 384 3541 situm
411 3480 486 3559 est,
515 3480 559 3539 ut
577 3462 770 3566 exprimat
801 3461 936 3538 saltem
964 3462 1136 3568 aliquam
1163 3464 1393 3539 sententiam
1420 3463 1580 3569 adapta-

270 3611 346 3670 tam
379 3595 424 3670 iis
455 3621 543 3699 quae
572 3590 804 3669 antecedant
837 3610 875 3669 et
903 3609 1118 3698 sequantur
1144 3620 1273 3698 neque
1301 3592 1581 3671 abhorrentem
1677 3601 1679 3605 ’

267 3725 319 3801 ab
345 3725 523 3802 instituto
549 3742 686 3830 poetae.
709 3724 799 3821 Qua
828 3724 870 3799 in
900 3752 941 3800 re
969 3741 1012 3800 ut
1041 3723 1301 3801 satisfacerem
1321 3754 1440 3830 quam
1461 3726 1587 3831 pluri-

268 3856 340 3932 mis
362 3854 483 3963 idque
507 3883 595 3931 cum
622 3856 785 3932 minimo
814 3882 901 3931 meo
932 3855 1110 3960 periculo
1143 3856 1307 3932 facerem
1338 3873 1457 3961 atque
1488 3885 1587 3961 pau-

266 3986 415 4062 cissima
431 4013 453 4060 a
471 4012 532 4062 me
554 3986 640 4090 ipso
659 3984 953 4090 postularentur
978 4014 987 4061 :
1009 3986 1176 4063 artificio
1204 4015 1356 4080 usurus,
1387 3978 1586 4061 Dindorfii

265 4115 479 4193 editionem
494 4116 645 4222 ubique
658 4113 898 4221 sequendam
915 4117 1027 4193 initio
1046 4117 1402 4220 decreveram,quae
1429 4133 1467 4192 ct
1486 4115 1586 4191 bene

265 4245 472 4324 emendata
491 4246 670 4351 plurimis
688 4245 783 4322 locis
801 4243 1003 4322 videretur
1029 4264 1067 4323 et
1088 4275 1208 4352 quam
1236 4247 1415 4350 proxime
1441 4244 1490 4325 ad
1517 4274 1583 4323 co·

265 4378 397 4456 dicum
437 4380 670 4483 scripturam
708 4376 909 4454 accederet
944 4395 982 4455 et
1026 4407 1152 4483 pauca
1197 4378 1461 4482 relinqueret,
1495 4407 1584 4484 quae

264 4509 429 4612 intelligi
464 4537 545 4585 non
577 4525 745 4613 possent.
781 4509 930 4585 Veru'm
972 4536 1062 4584 mox
1098 4506 1271 4584 intellexi
1309 4534 1419 4612 spem
1458 4535 1583 4585 meam

262 4639 468 4744 deceptam
492 4668 583 4716 esse.
608 4640 747 4745 Neque
773 4640 877 4716 enim
901 4638 1042 4717 desunt
1071 4641 1111 4715 in
1132 4639 1197 4715 illa
1218 4637 1391 4717 editione
1419 4639 1518 4734 loci,
1543 4641 1582 4717 iu

263 4771 411 4878 quibus
428 4771 637 4848 auctoritas
657 4769 837 4848 codicum
857 4770 962 4847 bona
982 4790 1021 4849 ct
1041 4771 1147 4848 haud
1165 4768 1452 4848 contemnenda
1474 4798 1581 4873 spre-

261 4920 303 4979 ta
320 4901 582 4995 sit,editione
609 4902 838 5005 Glasguensi
870 4903 985 4979 nimis
1019 4902 1187 4980 fideliter
1219 4928 1420 5007 expressa3
1451 4926 1580 5003 neque

261 5033 393 5109 omnia
417 5033 470 5107 ita
489 5032 684 5108 cohaerere
711 5032 877 5130 dixeriS,
906 5051 950 5111 ut
970 5035 1169 5112 sententiae
1190 5033 1291 5109 bene
1317 5047 1579 5134 congruerent

261 5162 574 5267 copularentque
596 5190 703 5239 sensa
733 5165 944 5269 poetaeEt
968 5165 1170 5271 quomodo
1201 5163 1395 5240 deteriora
1422 5159 1577 5236 asciscas

355 5298 486 5342 amulcus.
1436 5303 1454 5338 ⁰
