3840 6000
284 461 307 503 n
844 437 1059 498 PRAEFATIO.

254 566 354 650 'ubi
373 574 463 650 satis
488 572 584 649 scias
598 568 760 647 meliora
787 586 827 647 et
851 570 893 646 in
916 587 1104 675 promptu
1123 599 1202 649 esse
1227 590 1266 649 et
1283 573 1333 650 ab
1353 574 1436 653 aliis
1454 577 1599 656 ascita?

282 706 441 811 Rejecta
459 733 553 782 vero
572 702 773 781 Dindorlii
795 699 968 779 editione
988 702 1097 779 nulla
1124 703 1196 780 alia
1229 703 1321 811 fuit,
1343 735 1461 813 quam
1488 739 1601 815 pror·

281 865 345 915 sus
362 864 560 944 sequerer.
587 834 728 942 Itaque
747 834 844 910 nibil
866 851 949 911 erat
964 833 1161 940 reliquum
1181 835 1254 911 nisi
1269 852 1314 912 ut
1329 835 1481 915 codlces
1498 841 1603 944 ipsos

282 969 526 1046 consulerem
553 968 757 1074 ipsamque
782 965 979 1043 Dindorlri
1006 965 1219 1043 editionem
1249 968 1302 1043 ita
1326 995 1530 1074 sequerer,
1559 989 1604 1048 ut

282 1100 415 1196 locos,
448 1100 490 1176 in
519 1099 667 1206 quibus
700 1098 959 1174 necessarium
994 1097 1235 1192 videbatur,
1271 1100 1507 1203 corrigerem
1540 1104 1602 1179 vel

284 1230 466 1309 codicum
478 1230 653 1310 subsidio
674 1230 736 1307 vel
755 1258 801 1306 cx
822 1230 1058 1335 conjectura.
1082 1233 1227 1308 Verum
1245 1249 1367 1308 totam
1384 1260 1465 1308 rem
1487 1232 1603 1310 ador·

285 1364 371 1438 navi
397 1363 471 1440 bac
501 1363 602 1468 lege,
626 1381 671 1440 ut
702 1390 784 1440 non
808 1361 960 1469 ubique
979 1391 1063 1440 mea
1086 1392 1174 1469 quae
1197 1352 1419 1469 scripserim
1440 1391 1602 1470 prorsus

280 1520 372 1570 vera
397 1521 484 1577 esse,
501 1494 768 1599 pronunciare
791 1493 921 1570 velim.
942 1494 1077 1598 Longe
1109 1495 1337 1599 corruptior
1354 1512 1411 1571 est
1443 1493 1606 1597 AEscby·

280 1624 341 1701 lus
364 1640 403 1702 et
428 1623 647 1702 abstrusior
667 1652 787 1730 quam
812 1642 857 1702 ut
883 1642 970 1702 tuto
992 1625 1202 1702 constituas
1220 1624 1317 1731 quid
1335 1625 1385 1702 ab
1412 1627 1480 1703 illo
1509 1628 1605 1703 scri-

279 1771 393 1858 ptum
416 1755 476 1832 sit.
503 1753 704 1831 Permulta
733 1781 826 1831 sane
844 1755 1070 1832 necessitate
1088 1773 1245 1832 coactus
1259 1756 1375 1833 ascivi
1390 1773 1434 1833 ut
1451 1757 1482 1833 si
1500 1756 1600 1832 nihil

278 1882 387 1962 aliud
409 1887 642 1963 sententiam
662 1904 793 1990 tamen
811 1884 1020 1962 ellicercm.
1043 1885 1083 1963 Si
1103 1904 1232 1978 autem
1255 1888 1454 1991 putaveris
1471 1884 1606 1964 editio·

279 2043 371 2093 nem
385 2044 511 2093 meam
523 2017 680 2121 longius
694 2015 878 2094 recedere
892 2014 942 2092 ab
954 2017 1186 2094 auctoritate
1196 2015 1378 2093 codicum
1391 2046 1510 2123 quam
1523 2018 1607 2094 reli·

279 2145 519 2250 quas;valde
530 2147 647 2224 falsus
658 2146 1016 2253 erisUbicumque,
1031 2146 1164 2253 quoad
1176 2146 1258 2224 lieri
1270 2150 1412 2252 potuit,
1424 2149 1608 2257 antiquos

280 2275 404 2356 libros
429 2297 585 2357 secutus
607 2281 724 2357 etiam
749 2279 1046 2385 speciosissimas
1065 2279 1309 2384 conjecturas
1330 2280 1508 2356 virorum
1533 2279 1607 2359 do-

281 2426 437 2488 ctorum
455 2411 687 2517 rejiciendas
713 2411 872 2516 putavi,
903 2438 1001 2516 quas
1019 2429 1103 2488 tum
1117 2408 1278 2487 demum
1297 2398 1506 2488 ascivi'ubi
1525 2441 1606 2489 ma-

280 2540 424 2620 nifesto
451 2541 603 2651 aliquid
631 2543 857 2648 conjectura
889 2541 1152 2621 asciscendum
1178 2542 1264 2620 luit.
1288 2543 1381 2619 Haec
1401 2570 1495 2620 vero
1522 2544 1606 2647 ipsa

279 2671 333 2749 ita
359 2700 464 2751 ame
496 2673 765 2751 administrata
791 2690 909 2770 sunt,
943 2689 988 2749 ut
1018 2672 1149 2749 omnin
1183 2673 1362 2776 precario
1393 2670 1606 2750 scriberem

77 2807 84 2831 '
192 2835 193 2839 ¹
278 2821 522 2913 paratusque
546 2833 667 2883 essem
692 2805 758 2882 illa
784 2807 867 2910 ipsa
891 2804 1077 2909 rejicere,
1115 2805 1144 2880 si
1173 2804 1336 2881 meliora
1361 2805 1402 2880 in
1431 2802 1605 2881 medium

277 2934 527 3015 afferrentur.
553 2937 738 3015 Ceterum
765 2965 815 3014 ne
845 2938 935 3044 quis
949 2937 1112 3015 consilio
1133 2963 1220 3013 meo
1240 2937 1421 3040 ignorato
1455 2963 1516 3012 me
1539 2964 1604 3014 ac-

277 3083 407 3164 cuset,
437 3067 560 3145 multa
583 3068 753 3146 alienae
779 3096 841 3145 me
872 3084 1028 3172 recepta
1062 3093 1141 3144 csse
1164 3066 1305 3142 omisso
1334 3065 1494 3141 nomine
1522 3065 1606 3169 ejus

275 3199 348 3305 qui
371 3198 524 3305 primus
555 3201 792 3307 occuparit:
825 3198 923 3278 illud
951 3188 1042 3278 silue
1072 3199 1310 3304 negligentia
1338 3225 1423 3274 mea
1456 3197 1604 3275 factum

276 3347 354 3425 est,
376 3330 471 3436 quia
498 3330 646 3409 oblitus
671 3359 758 3410 sum
787 3332 948 3410 nomina
979 3330 1202 3410 adscribere
1230 3357 1369 3406 eorum
1394 3331 1464 3435 qui
1492 3357 1605 3435 repe-

276 3478 417 3540 rerunt
438 3461 606 3541 editioni
637 3463 940 3542 Wellauerianae
974 3491 1053 3569 qua
1086 3461 1250 3555 utebar,
1285 3458 1408 3566 idque
1437 3459 1604 3537 feceram

277 3592 404 3671 multo
421 3612 512 3672 ante
531 3622 652 3701 quam
675 3596 771 3673 mibi
793 3597 833 3673 in
853 3614 1023 3675 mentem
1040 3611 1200 3672 'venerat
1221 3573 1340 3671 edere
1360 3590 1602 3695 AEschylum.

276 3730 475 3831 Quocirca
504 3733 611 3813 bona
638 3763 728 3842 quae
750 3737 922 3841 protuli,
947 3737 1071 3814 aliena
1089 3752 1209 3837 pnta;
1237 3750 1324 3839 quae
1356 3732 1510 3827 minus,
1532 3731 1604 3810 ad·

276 3861 405 3941 scribe
424 3865 532 3975 mibi.

328 3993 495 4075 Codices
521 3997 705 4105 plerique
741 4016 832 4075 sunt
860 3997 1051 4102 ejusmodi
1088 4015 1131 4075 ut
1158 4022 1363 4101 nunquam
1402 3993 1484 4071 fere
1514 3996 1604 4072 satis

275 4144 361 4206 tuto
387 4128 434 4207 iis
470 4128 645 4208 confides
681 4127 1036 4236 deprelrendasque
1076 4129 1227 4235 ubique
1258 4125 1402 4202 indicia
1431 4124 1604 4230 plurima

275 4279 570 4358 correctorum,
598 4264 641 4341 in
670 4263 810 4368 primis
834 4262 1027 4339 'l'riclinii
1052 4262 1160 4338 Inter
1185 4284 1319 4335 omnes
1351 4273 1483 4332 tamen
1504 4259 1602 4333 emi-

274 4409 342 4470 net
367 4393 495 4472 codex
520 4393 720 4475 Mediceus
740 4426 748 4473 :
767 4413 857 4502 post
875 4422 965 4472 eum
984 4390 1362 4497 Guelpberbytanus
1386 4406 1425 4465 et
1457 4389 1602 4492 Regius

273 4521 472 4603 Parisinus
493 4527 621 4625 3521,
655 4537 704 4610 ab
732 4527 918 4606 Aslrewio
941 4527 1124 4610 collatus,
1151 4524 1239 4601 etii
1264 4520 1410 4628 quibus
1430 4549 1521 4597 usus
1545 4538 1602 4598 cst

271 4655 540 4735 Robortellus.
582 4660 813 4738 Dolendum
838 4689 932 4739 vero
960 4678 1017 4738 est
1051 4657 1162 4766 quod
1191 4655 1323 4732 nullus
1360 4654 1505 4730 horum
1547 4653 1600 4729 ita

273 4786 441 4867 collatus
471 4786 528 4866 es't
551 4807 597 4868 ut
616 4792 768 4900 ubique
791 4811 900 4872 certo
915 4794 1010 4871 scias
1030 4789 1129 4898 quid
1151 4790 1192 4865 in
1218 4787 1293 4863 illis
1311 4786 1501 4888 scriptum
1518 4783 1567 4857 sit
1588 4811 1597 4856 ε

272 4946 359 5025 quae
384 4949 446 4998 res
465 4922 592 5002 multo
612 4923 878 5003 difficiliorem
897 4922 1030 5002 reddit
1054 4946 1217 5027 operam
1234 4909 1470 5015 corrigendi.
1498 4908 1598 5005 Quae

271 5077 396 5154 quum
414 5054 468 5132 ita
486 5075 632 5152 essent,
652 5057 806 5137 codices
824 5056 917 5152 hos,
948 5082 1048 5162 quos
1070 5055 1112 5130 in
1147 5048 1283 5156 primis
1311 5039 1512 5134 consului,
1541 5039 1595 5117 ita

268 5200 424 5264 secutus
445 5215 560 5285 sum,
590 5208 634 5270 nt
652 5218 858 5298 nunquam
879 5189 925 5265 iis
956 5182 1196 5264 confiderem
1226 5177 1297 5253 nisi
1329 5173 1471 5252 diserte
1497 5198 1594 5249 eno-
