3840 6000
713 439 924 501 esuriero.
1580 476 1601 511 v

83 594 191 647 Versus
204 588 260 662 ¹9⁵
271 585 350 643 deest
359 584 389 640 iu
399 581 497 639 codice
506 578 646 637 lllcdiceo.
659 575 714 635 Sed
724 574 809 633 Guel-

46 677 243 757 pherbytonus
256 671 364 730 τοιαῦτά
375 669 399 728 τ’
408 667 448 726 ἀν.
467 671 567 744 ltaque
581 677 656 722 recte
669 664 809 722 lllonrliel-

46 767 109 825 dius
120 760 233 823 τοιαῦτά
243 761 303 818 τάν.

84 854 141 911 205
156 850 234 908 Med.
254 847 295 907 θτι
308 870 347 927 γε.
364 846 435 905 Cod.
453 850 526 921 Reg.
543 848 605 901 Par.
618 842 693 900 3521
712 837 755 898 det
771 864 809 900 τε.

47 947 132 1000 Deest
145 962 176 999 τε
190 941 222 995 in
234 936 346 995 Aldina.
357 941 457 1010 ltaque
468 931 569 1009 scripsi
584 927 729 987 omissuri
742 949 811 1007 por-

48 1029 140 1101 ticulo,
156 1046 247 1105 quam
259 1043 359 1083 versus
376 1042 435 1080 non
452 1023 517 1093 lert,
533 1019 562 1078 id
575 1018 655 1094 quod
669 1020 809 1077 sententio

47 1116 182 1194 postulat.
192 1110 380 1172 constructio
391 1107 546 1166 verborum
557 1127 564 1163 ι
577 1103 664 1164 ἔδεισα
676 1102 811 1164 ἀκούσασα

46 1202 137 1262 δταύυν
156 1197 202 1259 dte
219 1198 342 1279 σύριγγες
354 1196 483 1276 ἑλίτροχοι
498 1192 640 1271 ἔκλαγξαν,
655 1191 769 1270 (ὄτούόν)
783 1216 811 1250 τε

48 1292 161 1349 ἱππικῶν
170 1286 281 1345 ἀύπνων
295 1282 441 1362 πηδαλίων,
453 1284 628 1363 πυριγενετιῗιν
643 1282 759 1361 χαλινῶν
769 1279 812 1338 διδ

49 1392 93 1429 στο
149 1391 175 1426 α.

87 1392 148 1514 did
159 1453 271 1512 codd:
292 1450 391 1531 μήτηρ,
413 1446 492 1527 γυνή,
510 1451 636 1529 σωτῆρος.
656 1449 813 1506 Hermauni

51 1543 280 1603 emendationem
298 1540 406 1617 recepi.
417 1540 497 1597 Olim
511 1557 547 1595 ex
558 1537 718 1596 Scholiasta
732 1535 814 1617 τύχης

55 1655 103 1712 pro
113 1630 179 1711 γυνή
192 1630 387 1708 conjeceram.

89 1741 144 1798 ²9²
154 1717 274 1799 λεχαίων
289 1717 396 1795 recepi.
408 1714 527 1775 Codices
539 1713 648 1796 λεχέων.

91 1811 146 1867 3ιό
169 1807 257 1865 codd.
281 1805 328 1864 xci
353 1802 418 1874 edr3
438 1803 582 1862 editorum
611 1802 727 1881 quidam
751 1801 815 1861 ἄταν

57 1898 245 1974 conjecerunt.
274 1898 338 1972 Ergo
357 1889 457 1970 αίχμαίν
478 1893 606 1968 pretuli,
625 1912 715 1969 quum
734 1892 816 1950 codi-

59 2006 115 2043 cum
128 1984 275 2061 scriptura
287 1981 357 2039 lerri
369 2001 428 2038 non
442 1991 547 2058 posset.

91 2075 145 2131 323
173 2072 264 2148 vulgo
279 2067 410 2129 δουλείαν.

91 2146 160 2229 364.
174 2160 273 2236 Vulgo
289 2158 351 2215 haec
363 2158 404 2214 ita
415 2154 600 2214 scribuntur:

167 2252 298 2330 τλήμονας
311 2249 388 2310 εύνάν
403 2250 573 2331 αἰχμάλωτον

171 2339 266 2420 ἀνδρὸς
277 2342 446 2418 εὐτυχοῦντος
459 2340 494 2403 ὡς

173 2425 315 2503 δυσμένυνς
331 2424 484 2507 ὑπερτέρου.

172 2513 270 2582 Ἐλπίς
281 2517 337 2573 icet
350 2512 471 2595 νύκτερον
483 2511 558 2580 τέλος
567 2514 655 2590 μολεῖν

170 2601 351 2679 παγκλαύτων
364 2601 465 2679 ἀλγέων
479 2600 622 2681 ἐπίρροθον.

95 2710 149 2771 47υ
164 2700 213 2756 alii
227 2697 274 2757 σύν
288 2696 359 2777 τύχῃ
371 2695 401 2755 δέ
412 2700 451 2777 τῷ
462 2697 508 2755 καλ
523 2696 555 2768 δὴ
568 2695 736 2775 πέπεμπται,
751 2701 820 2754 For-

65 2800 122 2844 tuna
128 2787 248 2861 serente
257 2795 324 2860 jum
340 2789 476 2843 aduersus
500 2790 578 2841 illum
595 2793 693 2842 missus
704 2799 751 2842 ert.
765 2792 820 2844 Ve-

27 2918 32 2927 ·
67 2897 118 2934 πιπι
138 2895 234 2953 neque
253 2879 294 2954 τῷ
315 2875 411 2953 placet
430 2894 485 2950 pro
514 2874 586 2954 αὐτῷ
607 2894 701 2950 neque
725 2873 771 2932 καί
789 2873 820 2945 δὴ

10 3028 12 3033 ,
68 2966 107 3023 illo
126 2967 191 3023 loco
210 2965 337 3022 tulerim.
356 2961 469 3022 Deinde
487 2959 622 3039 πέπεμπτ’
647 2965 676 3021 οὗ
704 2963 821 3036 habent,

69 3054 132 3131 quod
147 3053 184 3111 ed
199 3072 317 3111 sensum
328 3054 461 3129 ineptum
474 3063 517 3109 est
534 3049 701 3135 legibusque
718 3050 822 3129 linguae

71 3142 245 3199 monrium.

98 3230 151 3288 562
179 3248 274 3306 quum
297 3226 374 3285 illud
391 3224 423 3285 ἂν
444 3226 620 3307 productum
647 3228 822 3304 offenderet,

74 3330 134 3375 recte
147 3318 274 3375 lo‘rtosse
287 3315 421 3374 scribitur
434 3335 470 3373 ex
483 3317 624 3374 sententia
637 3316 773 3376 Seidleri:

134 3425 236 3479 πυκνοῦ
249 3426 396 3500 κροτησμοῦ
406 3419 566 3500 τυγχάνουσ’
578 3419 629 3478 ύπδ
642 3419 734 3479 πτυλιν

136 3513 200 3567 θεῶν
215 3507 344 3567 θελόντων
358 3507 399 3566 ἃ’ν
414 3507 575 3584 ἀληθήσαιμ
588 3504 650 3586 ἐγώ.

77 3617 175 3676 ltcedit
187 3616 268 3694 quod
282 3616 354 3679 illud
363 3615 386 3679 δ’
398 3628 464 3694 post
478 3613 509 3676 ἂν
521 3616 552 3672 iu
567 3616 665 3673 multis
677 3617 824 3677 codicibus

79 3705 245 3766 desideratur.

110 3789 372 3871 ὅῃευερίσοτδμμα
382 3792 478 3851 esseio
487 3790 739 3862 codicelllediceo,
746 3793 824 3870 quod

83 3881 154 3939 uultu
163 3882 263 3943 melius
274 3893 318 3938 est
329 3900 415 3957 quom
429 3879 508 3957 quod
521 3880 608 3957 vulgo
621 3880 724 3958 legitur
732 3880 823 3960 ὄνομα.

111 3969 159 4024 628
172 3972 259 4046 uulgo
270 3967 441 4049 ίκτρέποντες
454 3976 501 4046 γᾶς
514 3966 586 4050 πρδς,
598 3967 748 4045 ἐπιμολους.
768 3973 824 4029 Sed

84 4054 131 4132 πρός
146 4057 219 4115 deest
232 4059 264 4117 in
283 4057 384 4120 multis
405 4055 564 4115 codicibus.
583 4061 717 4116 Fortasse
733 4059 773 4117 ita
787 4060 826 4117 lc·

86 4146 185 4217 crudum
197 4159 260 4205 est:

177 4249 296 4317 κλύοντες
308 4249 361 4308 θεοί
375 4248 491 4316 δικαίους
502 4249 576 4317 λιτδς

177 4339 310 4419 ἡμετέρας
325 4337 418 4396 τελεῖθ’
428 4341 462 4404 ὣς
472 4336 547 4406 πολις
561 4340 657 4420 εὐτυχῇ

179 4427 304 4507 δορίπονα
318 4425 389 4497 κάκ’,
401 4424 534 4507 ἐκτρέπων
546 4437 632 4504 ταγᾶς

178 4513 320 4592 ἐπιμόλους
332 4511 476 4594 πύργωντ
490 4512 593 4572 ἔκτοθεν
610 4512 697 4593 βαλὼν

179 4601 247 4670 Ζεύς
260 4624 310 4683 σφε
321 4604 397 4660 κάνοι
410 4610 538 4687 κεραυνῷ.

107 4709 159 4783 695
171 4710 255 4766 τελεῖν
272 4705 427 4767 Turnebus
447 4719 475 4763 et
495 4721 563 4784 post
583 4730 649 4767 curn
668 4710 728 4767 alii.
746 4709 827 4767 Libri

77 4796 132 4853 τελεῖ
144 4796 187 4853 rel
200 4797 301 4853 τιλεῖα.

107 4904 158 4954 :oo
170 4883 276 4942 retinui
288 4883 432 4959 vulgatam
446 4883 629 4960 scripturam.
641 4884 733 4944 Codd.
748 4883 826 4961 δόμον

74 4971 109 5027 rel
119 4970 220 5047 δόμωνς
231 4970 380 5047 posterius
396 4970 516 5028 fortasse
529 4984 606 5028 τεοῖο
617 4995 623 5028 :
639 4977 725 5029 Furio
736 4987 826 5029 atram

73 5063 209 5131 procellam
224 5064 301 5114 ciens
311 5077 330 5112 o
339 5059 419 5114 domo
432 5080 486 5115 non
495 5063 621 5119 discedet.

105 5149 158 5217 762
168 5145 234 5203 cod.
246 5144 326 5203 Med.
339 5144 433 5203 ἀλκάν.

70 5294 75 5301 ,
104 5236 160 5306 706
168 5232 347 5315 παλαιφάτων
359 5242 449 5312 quum
469 5251 616 5315 repertum
631 5241 667 5298 sit
680 5240 711 5297 iu
729 5238 832 5298 codice

856 573 989 631 Mediceo
1009 585 1036 631 et
1059 574 1088 630 in
1110 573 1238 631 editione
1261 574 1379 645 Aldina,
1398 596 1457 634 non
1484 572 1613 636 dubitaui

853 661 923 718 illud
944 662 1073 737 recipere
1091 675 1220 719 correcto
1242 682 1313 719 voce
1334 662 1405 743 ἀραί.
1425 665 1517 740 Vulgo
1537 667 1613 723 cuim

853 748 1013 829 παλαίφατοι
1026 748 1089 830 ἀραί
1101 750 1213 826 legitur.

894 835 1060 910 785τέκνοις
1077 838 1170 919 ἀραίας
1182 840 1268 916 vulgo
1287 839 1399 916 legitur.
1413 838 1534 897 Correri
1544 857 1614 894 vcr-

854 945 931 998 sum,
946 940 977 984 ut
990 927 1200 1004 antistrophico
1213 927 1410 1005 responderet.

896 1016 951 1082 θος
965 1035 1045 1093 seqq.
1057 1016 1178 1072 Codices
1194 1016 1262 1073 ‹lant
1274 1016 1330 1073 hoc
1343 1015 1445 1073 ordine
1459 1034 1575 1072 versus:
1621 1046 1624 1051 ·

1162 1122 1309 1170 ΛΓΓΕΛΟΣ.

916 1189 998 1256 Πόλις
1011 1188 1156 1260 σέσωσται,
1168 1190 1285 1269 βασιλέες
1299 1193 1322 1249 δ’
1337 1191 1480 1271 ὁμόσποροι

913 1278 1001 1361 ἀνδρες
1014 1282 1131 1336 τεθνᾶσιν
1142 1280 1176 1336 ’ἐκ
1190 1282 1274 1359 χερῶν
1289 1278 1487 1339 αὐτοκτόνων...

1180 1368 1293 1417 ΧΟΡΟΣ.

914 1440 939 1497 Τ
941 1436 1004 1510 ίνες;
1019 1435 1078 1495 τίδ’
1092 1425 1182 1508 εἶπαςς
1196 1440 1354 1517 παραφρονῶ
1368 1436 1441 1518 φύύιρ
1450 1434 1537 1514 λόγου.

1164 1526 1311 1573 ΑΓΓΕΛΟΣ.

918 1598 1060 1677 (rpentes
1071 1599 1115 1652 νῦν
1131 1593 1258 1665 ἀκουσυν,
1273 1594 1386 1654 Οἰδίπου
1397 1593 1505 1673 γένος...

1182 1683 1293 1730 ΧΟΡΟΣ,

921 1750 960 1814 Oi
971 1751 1023 1832 ἐγὼ
1035 1753 1161 1826 τάλαινα,
1180 1753 1272 1829 μάντις
1285 1752 1341 1829 εἰμί
1352 1757 1403 1811 τῶν
1421 1755 1522 1814 κακῶν,

1167 1843 1314 1889 ΑΙΤΕΔΟΣ.

918 1912 982 1973 Οὐδ’
995 1909 1161 1993 ἀμφιλέκτως
1173 1910 1225 1989 μὴν
1239 1909 1475 1990 κατεσποδημένοι.

1183 2002 1294 2048 ΧΟΡΟΣ.

922 2070 1023 2130 Ἐκεῑθι
1036 2062 1145 2142 κῆλθυνς
1162 2069 1244 2149 βαρέα
1254 2071 1277 2128 δ’
1293 2061 1338 2128 ode
1352 2069 1422 2148 ὅμως
1436 2070 1542 2150 φροίσον.

1168 2161 1316 2209 ΑΓΓΕΔΟΣ.

922 2227 1014 2294 Ούτως
1023 2230 1144 2310 ἀδελφαῖς
1157 2229 1247 2308 χερσίν
1259 2229 1391 2310 ἠναίροντ’
1404 2228 1482 2307 ἄγαν.

1186 2319 1297 2367 ΧΟΡΟΣ.

923 2386 1017 2452 Οὕτως
1031 2391 1045 2446 δ
1057 2387 1158 2466 δαίμων
1170 2388 1254 2455 κοινὸς
1267 2380 1299 2461 ἦν
1313 2391 1409 2468 ἀμφοῖν
1425 2387 1490 2466 ἅμα.

1171 2478 1317 2525 ΑΓΓΕΛΟΣ.

924 2544 1006 2610 Αὐτὸς
1020 2545 1042 2602 δ’
1053 2547 1145 2604 ἀναλοῖ
1161 2547 1227 2617 δῆτα
1238 2546 1386 2624 δύσποτμον
1399 2544 1482 2624 γένος.

924 2637 1042 2693 Τοιαῦτα
1055 2633 1156 2715 χαίρειν
1168 2635 1213 2693 καί
1229 2636 1383 2717 δακρύεσθαι
1399 2632 1486 2717 πέρα·

924 2721 1000 2780 πολιν
1015 2722 1063 2799 μὲν
1077 2714 1104 2780 εὖ
1118 2723 1307 2803 πράσσουσαν,
1322 2726 1346 2782 οἱ
1361 2724 1383 2781 δ’
1399 2721 1537 2780 ἐπιστάται

925 2812 1007 2871 δισσὼ
1022 2812 1161 2892 στρατηγὼ
1174 2813 1295 2893 διέλαχον
1308 2816 1468 2896 σφυρηλάτῳ

925 2900 1015 2981 Σκύθῃ
1026 2900 1124 2983 σιδήρῳ
1138 2902 1281 2979 κτημάτων
1294 2902 1470 2979 παμπησίαν·

924 2989 1009 3058 ἕξουσι
1023 2991 1044 3048 δ’
1056 2991 1088 3062 ἣν
1100 2989 1202 3049 λάὅωσι
1215 2994 1241 3050 ἐν
1256 2995 1326 3073 ταφῇ
1339 2989 1430 3071 χθονὸς

926 3078 1025 3158 πατρὸς
1042 3078 1099 3136 κατ’
1116 3078 1195 3159 εὐχὰς
1210 3079 1375 3158 δυσπότμους
1388 3079 1549 3162 φορούμενοι.

924 3165 1007 3232 Πόλις
1018 3165 1164 3225 σέσωσται·
1180 3166 1309 3245 βασιλέοιν
1324 3167 1346 3226 δ’
1359 3166 1517 3248 ὁμοσπόροιν
1534 3232 1539 3239 ,

927 3253 1049 3334 πέπωκεν
1064 3246 1131 3332 αἷμα
1144 3255 1197 3332 γαῖ’
1212 3256 1255 3312 ὑπ’
1273 3256 1394 3328 ἀλλήλων
1411 3254 1490 3337 φόνῳ.

907 3383 964 3438 826
977 3381 1089 3439 codices
1099 3396 1238 3460 (plantum
1248 3385 1336 3441 sciam
1347 3405 1447 3443 omncs
1457 3382 1557 3448 πόλεως
1569 3385 1630 3441 ἀσι-

768 3518 772 3527 ,
867 3478 906 3528 νεῖ
918 3474 1029 3551 σωτῆρι.
1064 3484 1067 3489 ’

909 3561 964 3630 837
988 3556 1131 3639 δυσμόρους
1155 3560 1252 3637 vulgo.
1275 3561 1361 3632 Quod
1382 3581 1439 3638 quu
1460 3561 1632 3618 auctoritato

868 3646 976 3703 nitatur
996 3666 1049 3723 ego
1066 3647 1174 3706 nescio.
1192 3648 1310 3706 Codices
1327 3650 1459 3727 plerique
1478 3645 1629 3728 δυσμόρωςι

868 3736 915 3792 alii
929 3733 1083 3815 δυσφόρους,
1098 3737 1146 3794 alii
1157 3736 1301 3818 δυσφόρως.
1492 3744 1497 3751 “

908 3824 962 3878 9ιι
983 3843 1041 3879 uon
1063 3844 1148 3882 ausus
1162 3846 1226 3882 sum
1240 3826 1397 3903 quidquam
1419 3825 1546 3883 audaciae
1560 3845 1632 3901 poe-

870 3912 932 3968 ticae
944 3912 1230 3975 irnrninuere..Aliter
1236 3936 1381 3990 percussos
1394 3915 1581 3991 scripsissem.

909 3999 966 4075 915
979 4002 1065 4078 vulgo
1078 4025 1085 4060 ε
1099 4001 1186 4079 δόμων
1207 4001 1271 4079 μάλ’
1292 4001 1352 4081 ἀχὼ
1374 4001 1414 4059 ἐπ’
1436 3999 1538 4064 αὐτούς.
1562 4000 1632 4058 Cod.
1684 4072 1688 4077 ι

869 4089 993 4164 Guelplr.
1016 4086 1074 4167 ἀχὼ
1096 4088 1160 4164 μάλ’
1181 4088 1288 4162 αὐτούς,
1315 4087 1393 4146 Med.
1416 4087 1479 4163 μάλ’
1501 4085 1631 4165 ἀχάεσσα.

870 4182 912 4235 Ex
924 4177 969 4234 his
982 4176 1049 4254 μάλ’
1061 4176 1130 4256 ἀχάν
1145 4179 1269 4254 reposui.

910 4270 967 4342 926
978 4265 1022 4324 δαΐ
1036 4288 1071 4323 ex
1087 4266 1185 4324 codice
1198 4267 1272 4325 Med.
1285 4266 1379 4343 Vulgo
1391 4259 1471 4325 δαίδι.

910 4356 967 4429 9υὸ
980 4354 1069 4431 vulgo
1080 4353 1230 4432 δυσδαίμων
1243 4377 1313 4433 σφιν.

911 4445 967 4518 935
987 4444 1073 4521 vulgo
1088 4445 1225 4522 διατομαῖς
1244 4447 1272 4502 οὐ
1290 4444 1392 4525 φιλαις,
1407 4444 1436 4501 id
1457 4444 1536 4521 quod
1556 4445 1636 4503 nullo

870 4532 957 4588 ruodo
969 4532 1036 4589 ferri
1051 4545 1155 4609 potest.
1177 4539 1279 4610 ltaque
1294 4535 1361 4590 olins
1377 4533 1562 4591 scribendum
1575 4556 1635 4592 esse

870 4622 967 4677 censui
990 4621 1148 4697 διαντομαῑς.
1173 4626 1280 4679 Verum
1299 4625 1422 4698 Etymol.
1444 4627 1538 4699 Magn.
1564 4644 1635 4680 vnce

871 4709 986 4787 ἄρταμος
1007 4722 1036 4766 et
1052 4709 1196 4767 Proructh.
1224 4716 1296 4770 1023
1321 4732 1365 4769 rue
1385 4711 1577 4779 induxerunt,
1604 4725 1636 4769 ut

871 4796 1028 4876 &inproprie
1042 4797 1218 4874 praelcrrcm.

911 4887 968 4959 948
981 4887 1068 4961 vulgo
1083 4882 1180 4963 ἀχέων.

911 4973 967 5048 953
981 4974 1068 5051 vulgo
1080 4975 1188 5056 τελευτᾷ
1205 4975 1228 5032 δ’
1240 4971 1292 5032 αἵδ’
1304 4974 1355 5032 ἐπ’.

911 5062 969 5138 965
998 5061 1137 5120 editiones
1170 5064 1313 5140 pleraequc
1342 5060 1518 5142 προκείσεται.
1549 5059 1634 5131 (lircil

872 5151 976 5228 recepi.
996 5150 1167 5228 conjectura
1184 5151 1404 5223 Hcrmnuuiest,
1416 5151 1470 5207 nisi
1488 5149 1578 5206 lullor.

914 5241 968 5316 968
985 5238 1077 5297 codex
1093 5240 1241 5297 lllcdiccus
1262 5235 1428 5320 πανδόκρυτέ
1449 5260 1490 5295 συ.
1514 5240 1555 5295 Et
1576 5256 1635 5315 qno
