3840 6000
442 442 617 503 ΠΕΡΣΑΙ.

203 580 281 644 Ἐστι
292 578 344 663 γάρ
355 576 466 645 πλοῦτός
479 580 503 657 γ’
516 574 653 658 άμεμρὴς,
665 574 733 658 άμρί
746 574 767 633 δ’
776 575 921 682 ρρθαλμοῖς

199 760 276 839 ὄμμα
288 754 342 838 γάρ
353 753 441 832 δόμων
453 752 551 832 νομίζω
567 751 691 811 δεσπότου
705 662 860 832 samso·

150 869 189 910 no
202 845 276 929 Πρὸς
294 843 353 903 τάδ’
376 846 412 909 ὡς
428 841 510 908 οὕτως
530 838 643 920 ἐχόντων
663 839 757 912 τῶνδε,
778 838 922 948 σίίμέουλοι

202 1019 280 1082 τοῦδέ
291 1043 337 1100 μοι
347 987 465 1098 γένεσθε,
477 1016 594 1099 Πέρσαι,
606 1014 725 1097 γηραλέα
737 929 906 1094 πιῖεῖτγυῖρῖατα.

204 1108 303 1172 Πάντα
313 1105 367 1188 γάρ
377 1104 412 1165 τδι
423 1104 491 1164 κέδν’
503 1107 531 1163 ἐν
543 1108 605 1181 ὑμῖν
617 1101 674 1161 ἐστί
685 1125 730 1180 μοι
743 1101 921 1182 βουλεύματα.

202 1297 246 1368 Εὐ
255 1303 310 1365 τόδ’
319 1303 376 1364 lude
384 1349 394 1378 ‚
403 1307 452 1384 γῆς
463 1223 668 1374 άῖῖόάῗοτῆσδε,
683 1297 722 1379 μή
734 1322 763 1358 σε
775 1299 812 1368 δὶς
824 1297 925 1381 φράσαι

202 1393 266 1475 μήτ’
276 1392 339 1462 έπις
348 1391 412 1472 μήτ’
422 1390 497 1472 ἔργον
506 1380 543 1449 ὧν
553 1388 586 1448 δν
598 1387 706 1466 δύναμις
717 1387 840 1466 ἡγεῖσθαι
851 1386 924 1467 θέλῃ.

148 1504 188 1546 ιτα
204 1482 335 1562 Εὐμινιῖς
342 1480 395 1564 γδρ
404 1479 481 1547 ὄντας
489 1482 560 1558 ἡμᾶς
568 1473 820 1555 τῶνδεσυμέοάλους
829 1474 925 1542 καλεῖς.

204 1682 322 1748 Πολλοῖς
335 1678 385 1758 μέν
399 1676 442 1737 dei
454 1675 586 1759 νυκτέροις
599 1673 714 1757 ὀνείρασι

203 1768 319 1849 ξύνειμ’,
330 1767 377 1849 ἄρ’
388 1756 470 1848 οὗπερ
481 1765 544 1832 παῖς
555 1763 618 1841 έμδς
630 1762 735 1829 στείλας
747 1760 859 1843 στρατδν

206 1854 316 1920 Ἰαόνιον
330 1859 381 1934 γῆν
395 1850 515 1932 οίχεται,
528 1849 626 1933 πέρσαι
639 1849 729 1908 θέλων·

208 1944 269 2004 ἄλλ’
283 1941 342 2002 ὤτι
355 1964 401 2000 πω
412 1939 506 1999 τοιόνδ’
521 1935 626 2020 ἐναργές
643 1934 749 2015 εἰδόμην

151 2057 196 2096 εει
209 2036 246 2101 ὣς
257 2035 306 2105 τῆς
318 2029 444 2111 πάροιθεν
459 2024 597 2109 εὐφρόνης,
611 2023 677 2094 λέξω
692 2022 719 2084 δέ
733 2046 783 2082 σοι·

207 2119 335 2194 έδοξάτην
349 2141 395 2198 μοι
410 2115 456 2177 δύο
469 2115 572 2196 γυναῖκ’
584 2113 714 2192 εὐείμονε,

205 2212 225 2282 ἡ
239 2204 290 2287 μέν
302 2205 429 2266 πέπλοισι
443 2206 584 2286 Περσικοῖς
596 2198 751 2279 ἠσκημένη,

207 2301 227 2370 ἡ
243 2294 267 2355 δ’
280 2285 345 2355 αὐτε
358 2292 525 2374 Δωρικοῖσιν,
539 2293 576 2358 εἰς
588 2288 649 2371 ὄψιν
663 2289 762 2366 μολεῖν,

209 2381 315 2464 μεγέδιι
327 2405 358 2442 τε
371 2384 424 2440 τῶν
438 2384 483 2438 νῦν
497 2375 697 2461 ἐκπρεπεστάτα
711 2373 793 2448 πολὺ,

155 2495 196 2535 ιω
209 2473 304 2533 κάλλει
318 2470 343 2531 τ’
356 2467 478 2548 άμάιμω,
494 2465 541 2526 καλ
555 2463 701 2543 κασιγνήτα
713 2462 801 2541 γένους

208 2563 318 2622 utrm·
332 2558 438 2639 πάτραν
453 2557 478 2615 δ’
492 2554 608 2625 ἔναιονὴ
624 2551 671 2631 μὲν
686 2550 805 2612 Ἐλλάδα

210 2647 306 2730 κλήρῳ
317 2649 440 2726 λαχῶσα
452 2644 542 2724 γαῖαν,
555 2645 573 2713 ἡ
588 2639 617 2700 δέ
632 2638 775 2722 βάρύαρον.

210 2735 310 2799 Τεάτια
323 2734 417 2794 στάσιν
428 2733 495 2805 τιν’,
508 2735 544 2799 ὡς
557 2728 609 2810 ind
626 2727 727 2788 ’δόκουν
742 2731 815 2810 δρᾶν,
856 2733 859 2740 ’

210 2823 318 2905 τειίχειν
331 2824 359 2881 έν
373 2820 525 2892 ἀλλήλαισι
540 2819 610 2887 Παῖς
623 2817 646 2876 δ’
661 2816 723 2894 ίμδς
736 2813 827 2895 μαθὼν

161 2935 200 2973 rou
212 2913 324 2992 κατεῖχε
337 2907 498 2991 κεἰπράῦνεν,
511 2906 628 2988 ἅρμασιν
641 2904 663 2964 δ’
678 2903 729 2962 ὐπο

213 2998 350 3078 ζεύγνυσιν
364 2994 438 3055 αὐτιῖι
450 2995 496 3054 καί
508 2993 616 3054 λέπαδν’
630 2993 672 3053 ὐπ’
686 2989 803 3071 αὐχένων

213 3088 314 3160 τέδησι.
327 3088 375 3158 Χή
388 3082 437 3160 μλν
450 3084 508 3164 τῇδ’
524 3084 668 3162 ίπυργοῦτο
681 3081 761 3159 στολῇ

213 3180 242 3237 ἰν
255 3173 359 3248 ἡνίαισί
370 3173 396 3234 τ’
409 3163 480 3252 εῖχεν
493 3167 619 3251 εὔαρκτον
633 3168 733 3247 στόμα,

215 3270 234 3336 ἡ
249 3263 274 3324 δ’
290 3262 438 3344 έσράδαζι,
450 3259 497 3319 καί
510 3261 599 3339 χεροῖν
612 3255 673 3328 ένιη
688 3258 780 3336 δίρρου

167 3374 204 3413 ιιι
215 3348 431 3431 διασπαράσσει,
443 3347 490 3407 καλ
504 3343 661 3426 ξυναρπάζει
676 3343 722 3424 βέρ

219 3439 283 3499 ἄνευ
297 3439 416 3519 χαλινῶν
430 3457 476 3494 και
489 3438 565 3513 ζυγον
580 3437 667 3514 θραυει
682 3453 770 3509 μεσον·

217 3527 312 3588 πίπτει
326 3525 349 3584 δ’
365 3522 429 3602 ὶμδς
440 3522 517 3595 παῖς,
530 3519 577 3580 καί
590 3517 679 3600 πατὴρ
692 3517 854 3597 παρίσταται

219 3621 332 3696 Δαρεῖος
344 3610 480 3692 οἰκτείρων
495 3606 553 3690 σρέ·
567 3607 613 3667 τδν
626 3606 649 3665 δ’
663 3604 733 3672 ὅπως
747 3609 795 3686 δρᾷ

220 3702 341 3785 Ξέρξης,
353 3699 471 3766 πέπλους
485 3697 607 3779 ῥήγνυσιν
620 3695 689 3776 άμρί
703 3692 817 3771 σώματι.

174 3813 210 3851 εει
224 3790 280 3853 Καὶ
293 3794 382 3848 ταῦτα
397 3785 445 3866 μὲν
459 3785 492 3858 δὴ
509 3783 599 3850 νυκτδς
614 3783 717 3841 εἰσιδεῖν
731 3779 813 3858 λέγω.

223 3875 302 3938 Ἐπεί
316 3877 339 3935 δ’
354 3872 466 3945 ἀνέστην
480 3870 527 3931 καλ
539 3871 627 3951 χεροῖν
641 3867 796 3951 καλλιρρόου

226 3963 330 4046 ἔψαυσα
342 3965 446 4039 πηγῆς,
459 3958 507 4018 σύν
521 3956 645 4037 θυηπόλῳ
658 3956 718 4037 χερὶ

227 4053 311 4132 βωμῷ
324 4047 485 4131 προσέστην,
498 4043 670 4127 ἀποτρόποισι
684 4041 790 4120 δαίμοσι

228 4138 339 4198 δέλαεσα
352 4140 433 4196 δῦσαι
445 4133 567 4207 πέλανον,
580 4122 617 4191 ὧν
631 4129 694 4203 τέλη
708 4131 780 4190 τάδε·

184 4247 219 4286 εει
229 4230 281 4307 ips
294 4223 324 4285 δέ
337 4222 458 4304 φεύγοντ’
471 4221 556 4282 αἰιτδν
569 4219 634 4302 πρδς
647 4218 764 4300 ἐσχάραν

233 4312 343 4374 Φοίδου
355 4309 432 4394 ρόόορ
444 4309 468 4369 δ’
482 4308 611 4391 άρδογγος
623 4305 744 4378 ίστάδην,
758 4303 837 4386 φίλοι·

235 4400 391 4482 μιδόστιρον
404 4396 434 4459 δέ
446 4396 537 4481 κίρκον
551 4398 644 4477 εἰσορῶ
657 4391 746 4476 δρόμῳ

235 4490 336 4570 πτεροῖς
348 4485 541 4570 έρορμαίνοντα
552 4481 599 4544 καί
613 4483 709 4563 χηλαῖς
721 4479 791 4562 κάρα

234 4575 355 4638 τίλλονθ’·
370 4577 385 4634 ό
398 4575 422 4634 δ’
436 4570 510 4633 οὐδέν
523 4571 588 4631 ἄλλο
600 4572 625 4651 γ’
639 4567 657 4641 ἢ
670 4567 770 4642 πτήξας
784 4565 864 4645 δέμας

195 4684 227 4724 ιιι
237 4673 357 4747 παρεῖχε.
372 4661 457 4723 Ταῦτ’
472 4659 562 4741 έμοιγε
575 4657 678 4734 δείματ’
693 4656 746 4716 ἔστ’
761 4658 833 4727 ἰδεῖν,

238 4755 296 4833 ίιμῖν
309 4753 332 4813 δ’
346 4748 461 4812 άκοέειν.
476 4741 518 4811 El
530 4746 583 4830 γάρ
594 4746 665 4820 ίστε,
678 4745 741 4813 παῖς
753 4743 814 4822 ίμδς

239 4839 336 4924 πράξας
349 4840 399 4918 μλν
414 4828 443 4897 εὐ
457 4834 607 4914 δαυμαατδς
620 4832 653 4892 δν
666 4831 760 4913 γένοιτ’
775 4828 850 4911 ἀνὴρ,

242 4931 324 4996 κακῶς
336 4925 366 4987 δδ
379 4924 483 5007 πράξας
495 4925 546 5003 οὐχ
559 4921 700 4988 ὑπεύθυνος
712 4918 796 4979 πόλει·

245 5016 329 5085 ουδεὶς
341 5016 366 5076 δ’
380 5011 478 5092 δμοίως
490 5011 572 5084 τῆσδε
584 5007 701 5090 κοιρανεῖ
712 5005 811 5087 χθονός.

513 5130 625 5176 ΧΟΡΟΣ.

211 5236 240 5279 tit
249 5222 285 5282 ui
294 5247 321 5283 σε
333 5218 514 5303 βουλόμεσθα,
526 5220 619 5298 μῆτερ,
629 5213 684 5274 οὔτ’
696 5213 762 5291 άγαν
775 5210 863 5294 ροέεῖν
873 5211 959 5291 λόγοις

1272 438 1427 498 PERSE.
1696 421 1741 505 ἐς

965 585 1025 633 sunt
1039 579 1105 631 euim
1115 580 1207 631 divitrae
1218 580 1317 644 quidem
1328 582 1477 644 incolumes,
1490 583 1533 632 sed
1544 582 1575 634 de
1585 585 1662 634 oeulis
1671 589 1742 640 timor

1626 677 1681 723 etl:
1696 700 1705 725 ·.

966 757 1055 808 oedium
1067 757 1131 808 enim
1142 756 1240 808 oculum
1251 757 1343 809 domini
1355 760 1508 821 presentiam
1519 772 1573 809 esse
1584 773 1679 810 denseo.
1716 752 1724 760 ‘'

966 845 1070 897 Proinde
1081 859 1158 910 quum
1172 846 1226 896 lraeo
1236 846 1270 896 ile
1282 859 1308 896 se
1319 846 1437 908 habeant,
1447 847 1478 896 de
1489 847 1534 896 hec
1546 861 1572 896 re
1584 849 1733 899 consultores

967 1044 1012 1080 vos
1024 1029 1083 1079 mihi
1093 1043 1147 1080 esse
1158 1029 1227 1091 volo,
1240 1033 1321 1081 Pursoe
1328 1065 1337 1092 ,
1350 1029 1391 1079 lidi
1402 1043 1482 1079 senes.

967 1117 1054 1168 omnio
1064 1116 1129 1169 enim
1140 1116 1224 1168 dextre
1234 1117 1333 1167 oonsilio
1341 1117 1365 1167 in
1376 1117 1445 1167 robis
1457 1117 1516 1166 mihi
1527 1120 1616 1181 prresto
1626 1121 1690 1168 sunt.

1292 1233 1423 1275 CHORUS.
1610 1230 1687 1295 [esse‚
1699 1243 1754 1293 quae

969 1318 1045 1371 Probe
1057 1319 1103 1368 hoc
1113 1318 1186 1381 seito,
1196 1318 1278 1380 regine
1287 1317 1357 1379 liuius
1368 1319 1452 1379 terrm,
1462 1330 1510 1366 non
1521 1316 1560 1366 bis
1570 1318 1595 1367 te
1604 1316 1683 1365 diuers
1694 1329 1755 1378 opus

968 1405 1112 1457 ononisdioi
1119 1407 1162 1456 sut
1172 1405 1223 1454 lieri
1231 1405 1304 1467 nelis,
1314 1408 1432 1468 quantum
1440 1404 1540 1454 facultas
1547 1405 1632 1468 preire
1639 1403 1751 1452 soluerit.

969 1490 1082 1541 Benevoli
1099 1490 1164 1541 euim
1173 1503 1249 1554 quum
1260 1489 1349 1551 simus,
1358 1489 1509 1541 consultores
1520 1492 1605 1541 hurum
1617 1504 1697 1540 rerum
1708 1503 1751 1538 nos

1302 1596 1420 1640 nosse.
1437 1601 1444 1610 ·
1666 1577 1756 1641 [voees.

971 1694 999 1741 ln
1009 1689 1092 1741 mullis
1103 1688 1201 1753 quidem
1212 1702 1307 1752 semper
1317 1688 1443 1738 nocturnis
1454 1689 1555 1738 somniis

970 1778 1062 1829 versari
1073 1778 1153 1839 soleo,
1165 1790 1196 1828 ex
1207 1790 1256 1841 quo
1267 1776 1331 1826 lilius
1342 1789 1412 1827 meus
1422 1775 1527 1827 abducto
1539 1776 1645 1826 exercitu

972 1867 1093 1917 tolonum
1100 1867 1189 1915 terrum
1195 1900 1203 1926 ,
1213 1864 1377 1928 expugnamus
1386 1864 1439 1926 eius
1447 1863 1563 1926 cupidus,
1573 1863 1694 1927 proiectus
1703 1871 1757 1914 est:

972 1958 998 2004 sl
1007 1952 1114 2004 noudum
1125 1952 1174 2002 ullo
1183 1951 1256 2002 modo
1264 1956 1315 2002 tum
1326 1951 1475 2002 luculentum
1486 1951 1568 2001 visum
1581 1951 1639 2000 mihi
1649 1951 1757 2013 obstitit,

972 2055 1045 2106 quum
1057 2041 1166 2106 proximo
1178 2043 1262 2103 nocte;
1272 2039 1345 2103 idque
1356 2039 1400 2088 tibi
1411 2039 1520 2088 narrabo.

975 2131 1042 2180 Visne
1052 2129 1112 2179 mihi
1123 2131 1181 2179 sunt
1191 2128 1247 2178 duee
1258 2127 1371 2178 mulieres
1382 2127 1475 2190 egregie
1485 2125 1575 2176 vestitu

974 2219 1049 2268 attero
1059 2217 1158 2280 quidem
1168 2216 1278 2267 restibus
1288 2214 1391 2267 Persicis
1401 2213 1498 2274 ἱιιάυιε,

975 2307 1049 2356 uitem
1058 2317 1116 2355 rero
1126 2302 1234 2365 Doridis,
1246 2303 1271 2352 in
1282 2305 1440 2365 corrspsotnm
1451 2300 1547 2362 venire,
1649 2299 1761 2369 (stiores,

975 2393 1118 2458 pmoeritoto
1128 2390 1234 2456 eorporis
1243 2389 1367 2457 omnibus,
1376 2401 1432 2451 quse
1443 2401 1508 2437 nune
1522 2390 1593 2450 sunt,
1605 2386 1674 2449 louge
1685 2400 1760 2449 sugu-

976 2495 1020 2531 σου
1030 2494 1059 2531 ee
1069 2480 1160 2541 forms,
1172 2492 1245 2543 quom
1256 2474 1431 2542 reprehendas,
1443 2478 1468 2526 et
1476 2487 1571 2525 sorores
1582 2473 1660 2525 amboe
1670 2475 1763 2538 generis

977 2569 1062 2630 unius3
1074 2567 1175 2632 putrium
1185 2579 1244 2617 vero
1255 2565 1390 2616 ineolebrnt
1401 2563 1476 2614 uitem
1487 2565 1598 2613 Graeosm

978 2659 1064 2709 sortitu
1075 2662 1179 2720 terrum,
1191 2657 1267 2707 alters
1277 2655 1412 2706 barborum.

978 2748 1023 2798 liro
1034 2746 1134 2797 dissidio
1144 2746 1206 2796 inter
1217 2759 1258 2808 se,
1270 2748 1299 2795 ut
1309 2745 1391 2803 ridere
1402 2743 1463 2793 milri
1475 2742 1585 2803 videbor,

979 2835 1134 2896 exeroebunl;
1145 2833 1209 2883 lilius
1220 2845 1279 2883 vero
1290 2845 1360 2882 meus
1371 2843 1448 2894 quum
1459 2830 1627 2894 oomperisset,

979 2936 1021 2972 eus
1031 2921 1158 2972 cohibebat
1169 2923 1194 2970 et
1204 2918 1327 2983 plumbet,
1338 2917 1468 2981 eunuique

980 3009 1064 3059 ambus
1074 3008 1153 3070 iungit
1164 3009 1190 3057 et
1200 3005 1335 3056 cervicibus
1346 3004 1397 3054 loru

982 3096 1089 3161 imponit.
1097 3097 1129 3145 Et
1135 3095 1209 3144 uitem
1214 3091 1313 3158 quidem
1320 3093 1366 3143 hoo
1372 3095 1457 3142 ornatu
1465 3090 1567 3155 superbe
1575 3103 1629 3141 sese
1635 3088 1764 3140 extollebat

981 3183 1153 3236 etinhubeuis
1164 3195 1193 3232 os
1205 3182 1349 3244 morigerum
1360 3179 1477 3244 hebetem
1622 3177 1767 3244 [ιιτιιιιιιιιιε

982 3271 1119 3322 ultersvero
1125 3266 1303 3333 indignabundo
1313 3280 1339 3317 se
1345 3264 1633 3330 immundorumque
1639 3274 1725 3312 ουπυε
1732 3261 1766 3311 lu·

983 3359 1074 3409 divellit
1084 3362 1109 3409 et
1119 3369 1214 3408 summu
1225 3355 1250 3406 ri
1261 3369 1290 3407 es
1301 3367 1383 3406 secum
1395 3351 1514 3403 sbsuuhit

983 3447 1035 3497 sius
1045 3444 1146 3496 hrheuis
1157 3443 1312 3508 mediumque
1320 3443 1406 3507 iugum
1418 3440 1513 3503 ungit.

984 3533 1079 3586 Excidit
1089 3537 1170 3583 auteur
1181 3532 1246 3582 iilius
1257 3544 1339 3593 meus,
1350 3534 1375 3581 et
1385 3532 1454 3594 puter
1463 3526 1541 3578 ostitit

985 3620 1073 3673 uerius
1082 3633 1138 3670 eum
1149 3619 1274 3671 misemm.
1288 3621 1359 3669 Hune
1369 3621 1398 3667 ut
1408 3616 1475 3667 videl

986 3712 1093 3772 xerxes,
1103 3712 1185 3760 ιεειεε
1197 3707 1260 3757 euno
1274 3719 1363 3770 eorpus
1376 3704 1499 3754 dileeemt.

986 3800 1017 3847 Et
1026 3797 1079 3847 lisso
1089 3795 1188 3860 quidem
1198 3797 1272 3845 noonr
1283 3807 1323 3844 me
1333 3790 1424 3843 vidisse
1433 3791 1537 3841 offirmo.

988 3887 1120 3948 Postquam
1129 3897 1188 3934 vero
1199 3882 1230 3934 de
1241 3882 1305 3933 lecto
1316 3881 1409 3932 surrexi
1419 3884 1444 3929 et
1455 3877 1533 3942 pulmo
1544 3874 1713 3941 pulclnilinnnr

989 3972 1080 4023 iontem
1089 3972 1169 4035 attigi,
1181 3984 1237 4020 eum
1249 3969 1356 4019 suorlflcs
1367 3980 1440 4018 manu

989 4050 1018 4101 ed
1030 4063 1096 4100 emm
1107 4049 1209 4111 nooessi,
1220 4049 1359 4099 overruuois
1370 4047 1430 4106 diis,

990 4137 1021 4188 sd
1032 4151 1094 4202 quos
1105 4138 1158 4186 hmo
1169 4150 1236 4186 soors
1246 4137 1381 4200 pertinent,
1392 4131 1468 4182 libum
1480 4129 1603 4186 oblatum

991 4226 1063 4276 video
1074 4228 1155 4275 sutem
1167 4225 1296 4286 llrgientem
1308 4222 1413 4286 equilum
1424 4219 1455 4268 sd
1465 4231 1531 4268 uram

992 4311 1107 4375 Apollinis
1119 4313 1159 4375 (et
1169 4315 1235 4361 metu
1246 4308 1371 4371 obmutui,
1383 4305 1480 4368 amici),

992 4399 1080 4450 deinde
1090 4412 1149 4449 vero
1159 4397 1296 4462 eooipilrem
1308 4395 1430 4459 oonspieio
1441 4406 1513 4443 cursu

993 4485 1101 4537 celeriter
1111 4485 1156 4535 ulis
1167 4484 1297 4533 irruentem
1308 4485 1333 4531 et
1344 4480 1463 4543 unguibus
1472 4482 1544 4541 copul
1556 4476 1656 4540 aquile

994 4574 1144 4624 vellicantem
1150 4587 1159 4634 ς
1169 4572 1210 4621 ills
1218 4582 1275 4620 vero
1284 4569 1343 4618 ninii
1352 4567 1418 4618 eliud
1429 4569 1491 4629 solt,
1503 4564 1550 4614 uisi
1561 4563 1685 4627 perterrito
1693 4573 1779 4624 oorpur

995 4660 1103 4725 smipitri
1115 4659 1225 4723 praebuit.
1237 4660 1296 4709 lineo
1308 4657 1367 4706 mihi
1379 4655 1477 4719 quidem
1487 4651 1589 4703 terriliou
1600 4654 1657 4700 sunt
1668 4653 1780 4712 aspectu,

997 4748 1067 4799 vobis
1079 4749 1160 4798 sutem
1172 4745 1264 4796 nuditu.
1279 4747 1343 4796 Bene
1354 4745 1419 4794 enim
1427 4739 1594 4802 scitote,dlius
1605 4751 1675 4787 meus

998 4837 1019 4887 si
1029 4836 1092 4886 bone
1103 4835 1198 4884 iortuus
1208 4847 1267 4884 usus
1279 4837 1329 4893 est,
1342 4829 1488 4881 admirabilis
1499 4828 1536 4877 vir
1547 4827 1642 4876 iuturus
1658 4825 1703 4885 sit,

1000 4924 1036 4974 siu
1048 4923 1122 4984 mule,
1132 4921 1264 4971 rationibus
1276 4932 1348 4982 reguo
1359 4915 1487 4969 reddendis
1498 4927 1546 4964 non
1557 4910 1677 4961 obnoxius
1687 4910 1746 4971 erit,
1776 4901 1779 4907 '

1002 5011 1045 5062 sed
1055 5011 1137 5061 sulvus
1146 5012 1176 5060 ln
1183 5011 1305 5072 patriam
1314 5007 1439 5056 restitutus
1450 5003 1538 5068 pariter
1548 4999 1621 5061 lrrrjus
1630 5003 1700 5046 terroe
1709 4998 1776 5060 impe

1331 5112 1461 5156 cunnus,
1567 5084 1644 5151 [rium
1655 5084 1776 5136 obtinebit.

1004 5191 1121 5270 Nolumus
1130 5224 1168 5280 te,
1179 5221 1264 5277 muter,
1273 5214 1354 5267 verbis
1363 5211 1521 5277 neque-nimis
1531 5209 1630 5260 redden·
1643 5207 1776 5270 sollicitum.
