3840 6000
724 688 1174 835 MONtTUM.

819 1025 1074 1053 w

219 1316 399 1386 Distractis
424 1315 594 1411 exemplis
619 1335 698 1410 quae
728 1340 825 1386 anno
862 1316 951 1401 1842
972 1315 1106 1386 chartac
1138 1318 1294 1413 imprimi
1320 1319 1557 1411 jusseramus,
1590 1320 1719 1388 lorinus

185 1438 440 1532 diligentissime
469 1437 710 1507 emendandas
735 1439 949 1509 curavimus.
978 1439 1084 1525 Quod
1108 1439 1136 1508 si
1160 1463 1257 1509 nunc
1276 1439 1384 1509 editio
1406 1440 1527 1537 prodit
1551 1441 1625 1510 sine
1644 1441 1718 1511 ullo

181 1561 240 1631 lere
265 1559 402 1630 mendo
426 1561 699 1656 typograpbim,
724 1561 844 1630 multis
866 1577 987 1631 autem
1008 1561 1096 1632 locis
1119 1563 1204 1632 scite
1224 1563 1414 1651 correctis,
1437 1564 1513 1657 ejus
1536 1565 1586 1634 rei
1608 1566 1718 1658 gratia

181 1682 337 1754 habenda
353 1697 407 1752 est
419 1684 535 1752 amico
549 1686 676 1753 Nostro
695 1688 737 1753 N.
760 1689 800 1752 Σ.
818 1688 980 1775 Πικκόλῳ,
1004 1687 1066 1780 qui
1082 1687 1194 1780 gemis
1216 1710 1286 1756 suae
1311 1686 1543 1782 scriptoribus
1562 1689 1719 1784 antiquis

179 1806 317 1899 antiquo
335 1805 458 1874 animo
475 1803 632 1898 legendis
650 1806 764 1875 otium
783 1806 970 1901 impendit.
989 1806 1161 1878 Addimus
1177 1832 1266 1903 quas
1281 1808 1377 1878 idem
1399 1808 1567 1903 elegantis
1581 1811 1716 1903 ingenii

178 1926 222 1994 vir
245 1924 438 1995 nobiscum
462 1926 743 1996 communicavit
773 1926 1038 1998 observationes
1067 1929 1112 1999 de
1136 1929 1226 1999 locis
1247 1929 1384 2023 aliquot
1406 1930 1561 2025 AEscbyli
1590 1944 1626 1999 et
1649 1934 1714 2000 So-

179 2045 320 2143 plroclis.

422 2657 974 2801 lllAllGlNALlA
1020 2662 1451 2831 QUAEDAM.

744 2967 1133 3002 W

741 3149 1134 3251 AESCHYLUS.

204 3478 292 3530 doru.
323 3493 351 3530 ν.
387 3472 415 3530 3.
444 3472 609 3539 Prudenter,
635 3480 667 3525 ut
688 3471 747 3525 aliis
772 3471 800 3524 in
826 3471 915 3540 locis,
959 3489 1023 3526 cum
1051 3474 1281 3547 interpretatione
1311 3476 1476 3545 scholiastae,
1506 3474 1643 3555 ἐκπέραμα
1677 3478 1713 3534 de

172 3571 309 3628 Abreusius
321 3572 370 3627 hic
390 3590 534 3645 quoquea
555 3570 697 3646 prioribus
711 3568 835 3624 discessit
853 3569 914 3624 edi·
960 3579 1091 3622 concreto
1112 3567 1306 3644 intelligentis,
1329 3567 1373 3626 τὸν
1396 3568 1512 3628 διάκονον
1534 3570 1577 3629 τὸν
1599 3573 1712 3631 εἰσιόντα

172 3666 283 3735 toribus,
301 3664 414 3741 ἄγκαθεν
429 3667 478 3740 qui
493 3675 669 3721 contractum
685 3675 785 3738 putant
803 3680 838 3718 ex
854 3662 914 3718 θνέ-
958 3660 1003 3719 καὶ
1014 3660 1113 3728 ἐξιόντα
1124 3664 1188 3743 πρὸς
1198 3648 1245 3730 ab<
1258 3663 1419 3741 ἀποκρίσεις.

171 3764 237 3817 καθιν
255 3774 426 3836 vertuntque
442 3765 567 3837 desuper.
578 3765 728 3817 Testantur
740 3776 807 3816 sane
822 3777 913 3834 gram·

170 3859 257 3913 natici
270 3860 434 3933 AEscbylum
455 3856 565 3934 ἄγκαθεν
580 3858 681 3914 dixisse
692 3852 761 3913 κατὰ
778 3853 912 3924 ἀποκοπὴν
997 3844 1070 3901 Ibld·
1082 3863 1111 3901 V·
1128 3844 1181 3915 735
1196 3845 1374 3900 fflil’ffldu'ss
1384 3857 1475 3920 puto:

171 3951 220 4008 tut
238 3957 283 4012 τοῦ
305 3953 444 4025 delector,
457 3955 507 4012 sed
525 3955 648 4011 adhunc
661 3955 757 4009 locum
768 3953 867 4009 referri
880 3970 913 4008 ea

168 4051 315 4106 testimonia
335 4069 395 4105 non
421 4051 570 4107 debebant.
592 4050 690 4106 Custos
720 4046 848 4124 ἄγκαθεν,
875 4068 914 4104 ea·

169 4146 233 4200 ulnis
265 4147 369 4221 quibus
398 4158 483 4221 caput
513 4148 639 4201 innixum
671 4146 808 4215 habebat,
841 4157 913 4201 astra

168 4240 401 4309 permanante
420 4249 488 4308 ritu,
517 4242 611 4314 quiete
628 4240 800 4295 observantis
820 4242 911 4314 capite

167 4332 232 4388 inter
246 4337 401 4391 anteriores
419 4336 504 4409 pedes
523 4336 651 4391 demisso.
670 4338 733 4390 Hoc
754 4334 827 4390 bene
846 4351 911 4407 per·

169 4442 273 4503 ceptum
295 4435 431 4512 indicarit
453 4434 590 4504 Dumbar‚
607 4432 694 4487 Greek
713 4433 774 4486 arrd
792 4432 911 4503 English

167 4525 281 4595 testona,
299 4546 373 4583 voce
386 4524 521 4604 Ἀγκαθεν.

1077 4015 1118 4080 δὸς
1128 4013 1223 4094 τύχας,
1237 4014 1329 4087 κυρίως
1341 4013 1362 4069 θ’
1374 4004 1403 4069 td
1413 4013 1487 4091 τύχοι

1075 4111 1109 4168 τὰ
1120 4111 1230 4189 σώρρον’
1245 4101 1275 4167 ed
1290 4108 1442 4186 μαιομένοις
1456 4110 1525 4165 ἰδεῖν.

958 4293 1018 4351 Nisi
1031 4294 1111 4347 malis
1126 4310 1177 4365 per
1190 4310 1218 4345 se
1231 4302 1303 4345 stare
1315 4301 1412 4343 votum
1427 4287 1521 4362 κυρίοις
1538 4285 1560 4342 δ’
1577 4276 1606 4344 ιθ
1619 4285 1709 4365 τύχοι,

957 4384 1133 4466 παρενθέοεως
1152 4389 1236 4460 signis
1255 4385 1433 4459 cingendum.
1450 4387 1496 4440 Est
1509 4396 1602 4439 autem
1621 4395 1710 4441 totum

957 4488 1012 4542 hoc
1026 4504 1137 4541 carmen
1153 4482 1299 4559 (783-837
1315 4482 1377 4560 ),si
1391 4482 1469 4556 quod
1479 4481 1557 4536 aliud
1571 4482 1709 4556 AEschyli‚

958 4592 1072 4644 incerta·
1095 4588 1237 4659 scripturae
1257 4595 1286 4639 et
1306 4585 1435 4657 plurimis
1455 4584 1618 4638 criticorum
1641 4584 1712 4638 divi-

199 4717 325 4774 cffom·
345 4735 375 4772 v·
400 4713 469 4772 655·
493 4712 560 4772 Τόδε
576 4713 751 4789 jungendum
774 4731 832 4768 esse
849 4732 912 4768 mm
957 4686 1117 4741 nationibus
1129 4693 1277 4751 tentatum,
1289 4682 1339 4736 sed
1353 4707 1366 4730 α
1380 4681 1508 4735 nondum
1521 4679 1627 4755 (verba
1639 4680 1710 4734 Din-

164 4806 242 4884 πρθπον
257 4828 317 4883 quo
336 4812 438 4867 clarius
455 4811 604 4880 indicetur,
621 4810 741 4884 pmfero
755 4810 912 4866 distinctio.
958 4788 1040 4847 dorbi
1056 4799 1137 4858 sunt,
1152 4789 1242 4842 Metro
1264 4787 1437 4840 scenicorum
1457 4784 1507 4841 Gr.
1533 4802 1565 4856 p.
1588 4781 1648 4849 51)
1672 4783 1710 4838 ita

164 4923 222 4961 nem
237 4908 355 4982 Maltbyi
369 4907 517 4985 [ulmum
530 4925 607 4982 9003,
619 4906 669 4966 Gr·
684 4926 712 4966 v·
727 4903 912 4984 Ἐκπρραμαγ
958 4884 1152 4952 emendatum,
1167 4892 1199 4936 ut
1211 4892 1302 4937 metra
1321 4898 1373 4952 per
1385 4890 1477 4933 totum
1498 4875 1620 4932 describi
1640 4893 1710 4949 pos-

957 4983 1012 5036 sint
1030 5004 1061 5048 π,
1081 4991 1110 5037 ct
1128 4980 1263 5035 sententia
1284 4979 1390 5050 ubique
1408 4981 1541 5049 appareat
1563 4970 1709 5042 dictioque

237 5076 325 5157 τρίτον
335 5079 387 5138 τόδ’
397 5122 405 5152 ,
417 5076 556 5159 ἐκπέραμα
571 5078 696 5155 δωμάτιον
708 5078 794 5151 καλῶ,
959 5078 1112 5151 AEscbylca.
1135 5078 1227 5148 Quare
1246 5091 1338 5128 meum
1354 5086 1467 5143 quoque
1485 5064 1644 5142 periculum
1658 5063 1710 5118 ali-
