3840 6000
724 703 1174 847 MONITUM.

819 1041 1074 1067 *-

213 1331 399 1403 Distractis
424 1331 594 1426 exemplis
619 1350 698 1426 quae
728 1355 825 1401 anno
863 1332 951 1415 1842
973 1330 1106 1399 chartae
1138 1331 1295 1426 imprimi
1321 1331 1557 1424 jusseramus,
1591 1331 1719 1399 formas

173 1453 441 1550 diligentissime
470 1452 711 1522 emendandas
736 1453 949 1523 curavimus.
978 1452 1084 1538 Quod
1108 1453 1137 1521 si
1160 1476 1258 1522 nunc
1276 1451 1385 1522 editio
1407 1452 1528 1548 prodit
1551 1452 1626 1521 sine
1645 1451 1719 1521 ullo

170 1578 238 1647 lere
264 1576 402 1647 mendo
427 1576 699 1672 typographico,
724 1575 844 1645 multis
867 1591 987 1645 autem
1008 1575 1097 1646 locis
1120 1575 1205 1645 scite
1225 1575 1415 1663 correctis,
1437 1575 1514 1668 ejus
1536 1576 1587 1645 rei
1609 1577 1719 1669 gratia

171 1699 338 1771 habenda
354 1714 408 1769 est
420 1700 536 1769 amico
550 1702 677 1769 Nostro
696 1703 738 1768 N.
761 1703 801 1768 Σ.
819 1702 981 1789 iliardae,
1005 1700 1067 1795 qui
1083 1700 1194 1793 gentis
1217 1722 1287 1768 suae
1311 1698 1544 1795 scriptoribus
1563 1700 1720 1794 antiquis

171 1824 318 1916 antiquo
336 1822 459 1891 animo
475 1820 632 1914 legendis
651 1821 765 1891 otium
784 1820 971 1917 impendit.
990 1819 1162 1891 Addimus
1177 1845 1267 1916 quas
1282 1820 1378 1890 idem
1401 1820 1569 1916 elegantis
1583 1821 1718 1914 ingenii

170 1944 220 2013 uir
244 1941 439 2013 nobiscum
463 1942 743 2012 communicavit
774 1941 1039 2013 observationes
1069 1942 1113 2013 de
1137 1942 1227 2013 locis
1248 1942 1385 2038 aliquot
1407 1942 1561 2037 AEscbyli
1591 1956 1626 2011 et
1650 1945 1715 2011 So-

173 2062 320 2160 phoclis.

424 2674 976 2817 Mauoluttla
1022 2675 1453 2845 QUAEDAM.

760 2981 1135 3015 ψ

743 3163 1137 3264 AESCHYLUS.

208 3495 293 3548 Αοιιι.
324 3509 353 3547 τ.
389 3489 418 3546 3.
447 3488 611 3555 Prudenter,
637 3496 670 3539 ut
690 3486 750 3540 aliis
774 3487 803 3539 in
828 3486 917 3554 locis,
962 3503 1025 3540 cum
1054 3487 1283 3560 interpretatione
1313 3488 1479 3558 scholiasta,
1509 3485 1646 3567 ἐκπέραμα
1680 3489 1716 3545 de

179 3588 310 3645 lirensins
322 3589 372 3644 liic
392 3606 537 3661 quoquea
557 3585 700 3660 prioribus
714 3583 838 3639 discessit
856 3583 917 3638 cdi·
962 3592 1094 3637 concreto
1115 3579 1309 3656 intelligentis,
1331 3580 1375 3638 τὸν
1399 3580 1515 3640 διάκονον
1537 3581 1580 3641 τὸν
1602 3583 1715 3642 εἰσιόντα

179 3683 285 3752 toribus,
302 3681 417 3759 ἄγκαθεν
432 3683 482 3757 qui
496 3690 672 3737 contractum
688 3690 788 3753 putant
806 3696 841 3734 ex
857 3676 917 3732 dvi·
961 3674 1005 3733 καὶ
1017 3674 1115 3742 ἐξιόντα
1127 3676 1191 3756 πρὸς
1200 3660 1248 3742 τ’θς
1261 3675 1422 3754 ἀποκρίσεις.

178 3780 241 3834 κιθτν
257 3791 429 3853 vertuntque
445 3781 570 3853 desuper.
581 3779 730 3832 Testautur
743 3792 810 3831 sane
825 3791 916 3849 gram·

177 3876 260 3931 natiei
272 3877 438 3949 Eschylum
458 3872 568 3950 ἄγκαθεν
583 3874 684 3930 dixisse
696 3867 764 3928 κατὰ
781 3867 915 3938 ἀποκοπὴν
1000 3858 1073 3915 Ῑόῐᾶ·
1085 3877 1113 3914 V·
1129 3856 1184 3929 785
1199 3857 1377 3913 scribendum
1387 3869 1478 3933 puto:

179 3968 225 4025 dui
242 3974 285 4029 sui
307 3971 447 4041 θνίκαθιν,
461 3971 510 4027 sed
528 3971 652 4027 adhunc
665 3971 760 4024 locum
772 3967 870 4024 referri
883 3984 916 4022 ca

177 4068 317 4123 estimonia
337 4086 398 4122 non
425 4066 574 4122 debebant.
596 4066 693 4122 Custos
723 4061 851 4139 ἄγκαθεν,
878 4082 917 4118 ex

177 4163 238 4217 aluis
268 4164 373 4237 quibus
402 4174 487 4237 caput
517 4164 642 4217 innixum
674 4161 811 4229 habebat,
844 4171 916 4215 astra

175 4258 307 4327 meabat
325 4261 405 4313 canis
424 4265 492 4325 ritu,
521 4259 614 4329 quiete
631 4255 804 4310 observantis
824 4256 914 4327 capite

174 4349 236 4406 inter
250 4354 405 4408 anteriores
422 4351 509 4425 pedes
527 4352 654 4407 demisso.
673 4353 737 4406 Hoc
757 4349 831 4405 bene
849 4366 914 4421 per-

174 4460 276 4521 ceptum
298 4451 435 4529 indicavit
458 4449 594 4519 Dumbar,
612 4446 697 4503 Greek
716 4448 777 4501 and
795 4446 914 4517 English

171 4543 284 4612 lexicon,
303 4562 376 4600 voce
390 4540 525 4620 {epacta

1080 4028 1120 4093 δὸς
1131 4027 1226 4107 τύχας,
1239 4026 1332 4101 κυρίως
1345 4026 1366 4082 t'
1378 4016 1407 4083 si
1417 4025 1490 4104 τύχοι

1078 4123 1112 4181 sd
1123 4124 1233 4202 σώφρον’
1248 4115 1279 4180 εὖ
1294 4121 1445 4200 μαιομένοις
1459 4122 1529 4177 ἰδεῖν.

962 4307 1021 4366 Nisi
1034 4307 1114 4360 malis
1129 4323 1221 4378 perse
1234 4314 1307 4358 stare
1318 4312 1416 4356 votum
1431 4300 1525 4373 κυρίοις
1541 4298 1563 4354 δ’
1581 4288 1609 4356 ed
1622 4297 1713 4377 τύχοι,

961 4398 1136 4479 παρενθέσιως
1155 4402 1239 4473 siguis
1258 4398 1437 4472 cingendum.
1454 4399 1500 4451 Est
1513 4407 1606 4451 autem
1624 4408 1713 4453 totum

962 4501 1015 4555 hoc
1029 4517 1141 4555 carmen
1156 4497 1164 4571 (
1177 4495 1303 4567 783-837
1319 4494 1346 4572 ),
1359 4497 1381 4550 si
1395 4493 1473 4568 qnod
1483 4493 1561 4548 aliud
1574 4494 1712 4567 AEscbyli‚

961 4606 1075 4658 inccrtae
1098 4601 1241 4673 seripturae
1261 4608 1290 4652 et
1310 4596 1439 4670 plurimis
1459 4596 1622 4650 criticorum
1645 4595 1715 4650 divi-

200 4735 327 4791 canem
349 4752 379 4790 v·
404 4729 473 4789 555·
497 4728 564 4788 Τόδε
580 4728 755 4803 jungendum
778 4746 836 4783 esse
852 4746 915 4782 mm
961 4699 1120 4754 nationibus
1132 4706 1280 4762 tentatum,
1292 4693 1343 4749 scd
1357 4718 1369 4743 α
1384 4693 1512 4748 nondum
1526 4690 1631 4766 (verba
1643 4691 1714 4745 Din-

165 4825 244 4904 τρίτον
258 4846 319 4902 quo
339 4829 442 4883 clarius
459 4826 607 4895 indicetur,
625 4825 745 4898 praelero
759 4824 916 4881 distinctio·
962 4802 1044 4860 d⁰rs¹l
1059 4813 1140 4872 ⁵¹¹⁰li
1155 4802 1246 4857 melfa
1267 4798 1441 4854 ⁵⁰0¹¹l⁰⁰s¹¹¹¹¹
1461 4797 1511 4853 Gr·
1537 4814 1569 4868 P·
1592 4793 1652 4861 δι)
1676 4795 1714 4849 lm

164 4944 223 4981 „em
238 4926 358 5000 Maltbyi
372 4923 521 5000 [Thea-,aun
534 4940 611 4996 pom,
623 4920 673 4980 Gr·
688 4941 716 4980 v·
731 4918 887 4998 Ἐκπρραμα
896 4924 916 4992 ρ
963 4897 1156 4965 emendatum,
1170 4905 1203 4949 ut
1215 4905 1306 4949 metra
1324 4911 1377 4965 per
1390 4902 1482 4946 totum
1503 4887 1623 4944 describi
1644 4904 1714 4961 pos-

961 4997 1015 5050 sint
1033 5017 1065 5061 »,
1085 5004 1113 5049 et
1132 4993 1266 5047 sententia
1288 4991 1394 5062 ubique
1412 4994 1545 5062 appareat
1567 4982 1714 5055 dietioque

237 5096 324 5176 τρίτον
336 5096 409 5169 τόθ’,
422 5092 560 5176 ἐκπέραμα
575 5094 701 5171 δωμάτων
713 5093 798 5166 καλῶ,
963 5090 1116 5163 AEscbylea.
1140 5089 1232 5160 Quare
1250 5103 1343 5140 meum
1358 5099 1472 5156 quoque
1489 5076 1648 5155 periculum
1662 5076 1714 5130 ali-
