3840 6000
176 444 206 486 st
852 430 1062 495 PnAEtAno.

174 578 204 620 ιιι
214 563 357 640 compleas
368 582 492 633 versum,
508 564 595 622 facias
607 562 639 624 tt»
650 564 682 623 ἰὼ
693 561 803 644 δᾶκρυτε
816 561 857 622 σύ.
867 566 926 619 Ve-

173 670 235 710 rum
247 672 335 728 quum
353 653 401 710 alii
422 651 547 710 babeant
563 651 754 732 πολυδάκρυτα,
769 653 824 710 hoc
838 671 926 710 voca-

172 742 271 801 bulum
287 740 363 800 hand
379 760 461 799 secus
479 760 565 818 quam
582 741 654 799 illud
674 740 926 821 μιίιιστανδᾶκροτι

171 834 323 911 explicatio
335 832 500 891 Scholiasta
511 851 572 890 esse
588 831 657 888 mihi
668 831 822 890 videbatur
832 831 926 891 aliud-

171 942 228 999 que
241 920 281 978 ibi
299 920 388 977 latere
403 919 492 996 magis
509 917 687 976 reconditum
706 931 735 976 et
754 920 925 977 inusitatius.

170 1015 267 1083 Quum
286 1009 374 1086 igitur
393 1018 593 1085 suggereretur
603 1003 744 1088 πάνδυρτε,
762 1027 821 1065 non
842 1006 927 1065 darbi-

171 1098 228 1156 tavi
244 1097 316 1155 illud
331 1097 477 1154 asciscere.

208 1189 265 1261 984
277 1187 363 1263 vulgo
375 1183 496 1244 δύστονα.
506 1185 562 1243 Sed
575 1204 664 1260 quum
674 1185 824 1262 utriusque
833 1186 927 1243 luctus

170 1273 321 1344 indicetur,
334 1272 439 1331 δίστονα
452 1271 634 1331 scribendum
646 1285 697 1329 est.

209 1382 267 1438 990
282 1374 385 1420 ceterae
395 1361 551 1418 editiones:
564 1357 596 1416 eb
609 1358 695 1417 τοίνυν
710 1350 792 1419 aiala.

208 1450 277 1526 996.
292 1450 461 1526 Plerumque
474 1449 535 1506 haec
547 1450 603 1507 ita:

464 1576 466 1580 ·
482 1549 611 1596 ΙΣΜΗΝΗ.

562 1619 594 1678 ἰὼ
611 1619 681 1679 κακὰ
858 1688 865 1709 Ι

248 1705 352 1783 δώμασι
363 1706 407 1767 καὶ
418 1706 492 1786 χθονί
499 1753 508 1785 ,
521 1706 572 1790 πρὸ
585 1709 690 1768 πάντων
706 1709 728 1766 δ’
740 1706 807 1785 ἐμοί.

209 1825 264 1881 99ι
283 1802 439 1881 δυσπότμων
453 1826 490 1863 ex
507 1807 590 1864 codd.
604 1819 745 1865 enotatur.
758 1805 814 1862 Alii
832 1801 926 1862 δυστό-

167 1916 218 1951 νονν
237 1892 442 1963 veldstettim,
457 1895 536 1971 quod
557 1908 600 1953 est
617 1895 647 1952 in
670 1894 769 1952 codice
786 1891 925 1951 Mediceo.

167 1983 290 2060 Reliqua
303 1983 472 2061 plerumque
484 1983 524 2041 ita
535 1984 689 2060 leguntur:

484 2089 612 2137 ΙΣΜΗΝΗ.

246 2155 290 2217 Ἰὼ
306 2153 352 2228 ld,
367 2155 495 2216 δυστόνων
512 2161 609 2216 κακῶν.

463 2248 628 2295 ΑΝΤΙΓΟΝΗ,

245 2314 290 2376 Ἰὼ
305 2314 369 2384 ἄναξ
385 2312 532 2380 ’Belitae
546 2314 688 2395 ἀρχηγέτα.

480 2406 610 2453 ῙΣΜΗΝΗ.

247 2472 291 2534 Ἰὼ
301 2474 408 2534 πάντων
422 2473 644 2534 πολυστονώτατοι.

462 2565 626 2612 ΑΝΤΙΓΟΝΗ.

246 2630 291 2693 Ἰὼ
305 2634 478 2710 δαιμονῶντες
488 2636 515 2692 δν
531 2634 588 2713 ἄτᾳ.

479 2722 610 2772 ΙΣΜΗΝΗ.

245 2789 289 2851 Ἰὼ
305 2788 352 2866 ἰὼ,
367 2797 418 2853 τοῦ
433 2815 483 2877 σρε
498 2791 614 2873 θήσομεν
625 2788 733 2874 χθονός;

207 2908 281 2974 1047
297 2902 383 2978 vulgo
395 2901 456 2972 ἤδη.

1009 565 1076 635 676.
1090 551 1158 624 Haec
1177 569 1218 627 ita
1230 570 1399 653 plerumque
1418 552 1728 658 scrinta'reperiuntur

969 650 999 708 in
1010 651 1184 713 editionibus
1192 659 1320 735 AEschyli
1331 683 1339 718 :
1364 654 1368 662 ¹

1086 759 1153 840 Περὶ
1166 770 1200 843 τᾷ
1214 772 1248 844 σᾷ
1261 763 1356 842 δίδυμα

1088 847 1198 926 διάγοιεν
1214 851 1330 932 ἁμάρτια

1086 933 1159 1015 πάσᾳ
1171 945 1206 1019 γᾷ
1218 947 1252 1020 σᾷ
1265 939 1337 998 τάδε.

970 1047 1089 1105 Correxi
1104 1046 1198 1125 διᾶγοι’
1212 1049 1259 1124 ἄν,
1281 1055 1347 1131 quia
1363 1055 1433 1113 illud
1448 1059 1559 1138 διάγοιεν
1575 1062 1635 1120 sine
1645 1084 1731 1124 sensu

969 1146 1022 1191 est.
1039 1140 1075 1192 Et
1095 1133 1179 1212 διάγοι
1192 1158 1210 1196 a
1221 1140 1328 1199 Didoto
1340 1142 1368 1200 in
1384 1145 1483 1205 codice
1497 1135 1664 1210 Florentino
1680 1173 1732 1213 re·

970 1234 1082 1298 pentum
1100 1237 1153 1281 est.

1011 1310 1067 1385 598
1084 1309 1196 1395 ἔμπορος
1217 1316 1392 1392 optimorum
1409 1321 1540 1380 codicum
1562 1328 1734 1389 auctoritate

970 1398 1080 1468 nititur,
1094 1421 1266 1478 quamquam
1278 1405 1435 1466 Scholiasta
1447 1409 1564 1469 alteram
1577 1414 1733 1474 lectionem

970 1483 1090 1565 ἔμπειρος
1104 1487 1241 1564 explicat,
1251 1511 1324 1568 quae
1338 1493 1438 1553 itidem
1455 1497 1484 1555 in
1496 1498 1668 1575 quibusdam
1679 1521 1733 1560 co-

971 1573 1082 1633 dicibus
1103 1576 1196 1652 iisque
1219 1578 1411 1640 deterioribus
1436 1587 1591 1662 reperitur.
1625 1591 1730 1665 Aptior

971 1673 1064 1720 tamen
1080 1684 1136 1721 vox
1151 1678 1193 1723 est
1207 1666 1290 1740 loco,
1308 1689 1366 1745 quo
1381 1670 1517 1749 pleraque
1532 1688 1599 1733 sunt
1612 1676 1649 1735 de
1660 1680 1729 1740 mari

970 1764 1076 1819 sumta,
1088 1753 1235 1829 multoque
1253 1767 1296 1811 est
1310 1759 1406 1815 versui
1423 1761 1640 1820 convenientior
1652 1776 1681 1821 et
1696 1765 1733 1823 ad

970 1840 1170 1915 explicandum
1189 1842 1342 1901 difficilior.
1359 1851 1460 1923 Neque
1479 1848 1561 1907 facile
1579 1851 1732 1929 quisquam

971 1925 1092 1997 dixerit,
1107 1930 1269 2005 quomodo,
1288 1933 1311 1989 si
1325 1931 1445 2013 ἔμπειρος
1457 1936 1493 1993 ab
1507 1938 1645 2015 AEschylo
1657 1943 1729 1999 scri·

971 2027 1053 2091 ptum
1065 2017 1171 2086 luisset,
1183 2017 1211 2073 in
1227 2015 1340 2099 ἔμπορος
1354 2022 1434 2080 abire
1449 2026 1583 2101 potuerit.

1012 2122 1068 2175 7¹⁰
1079 2104 1168 2161 codex
1180 2105 1327 2164 Mediceus
1336 2112 1371 2176 ὡς
1381 2108 1428 2176 ἕως
1440 2111 1462 2169 τ’
1472 2109 1617 2178 ἔλλενσσες.
1631 2122 1733 2195 Itaque

971 2211 1060 2266 quum
1073 2190 1128 2247 hoc
1140 2188 1188 2256 ἕως
1199 2191 1224 2249 τ’
1237 2190 1310 2251 bene
1323 2197 1511 2274 responderet
1520 2201 1629 2259 voculis
1639 2208 1683 2261 νῦν
1694 2227 1732 2278 τε,

970 2298 1034 2354 qetae
1047 2291 1215 2354 sequuntur,
1231 2281 1389 2341 lllediceum
1400 2286 1575 2361 sequendum
1590 2288 1669 2347 duxi.

1011 2367 1067 2423 815
1082 2366 1194 2424 codices
1209 2367 1521 2447 ΙιοῙνειιιέκπαιδεύεται,
1545 2375 1581 2433 de
1594 2397 1653 2452 quo
1665 2378 1732 2437 vide

969 2454 1051 2512 Jalrn.
1064 2455 1207 2532 supplem.
1220 2458 1323 2515 Annal.
1339 2460 1411 2518 Phil.
1429 2463 1514 2530 1836,
1527 2464 1593 2522 fasc.
1605 2468 1632 2524 3.

971 2562 1096 2686 33(γοοο.
1115 2543 1189 2602 Vide
1204 2548 1397 2604 Hermannum
1422 2554 1529 2626 Opusc.
1547 2554 1605 2612 vol.
1627 2560 1687 2630 IV,
1703 2576 1723 2636 p

1303 2733 1424 2750 *—

1232 2799 1464 2863 AGAMEMNO.

992 2934 1016 2975 1.
1023 2919 1174 2992 Nunquam
1184 2917 1253 2974 mihi
1258 2900 1430 2994 persuadere
1440 2918 1571 2996 potui‚ut
1581 2921 1730 2983 custodem

209 3010 282 3062 1⁰7⁰
296 3011 354 3048 ¹¹0⁰
369 2988 560 3048 dllblfflnduffl
574 2990 645 3067 ‘1¹¹1ss
656 2986 797 3067 Καδμείων
812 2989 857 3045 vel
869 3007 924 3065 ΡΟ·
968 3001 1028 3059 sine
1038 3002 1096 3060 ulla
1104 3004 1216 3061 ratione
1224 3004 1305 3080 loqui
1315 3017 1457 3080 putarem,
1470 3010 1629 3083 praesertim
1639 3031 1729 3088 quum

165 3081 222 3139 tius
232 3079 395 3155 Καδμογενιῖ
415 3078 445 3135 in
466 3077 599 3136 omnibus
614 3077 762 3136 codicibus
775 3076 922 3135 exciderit.

490 3216 599 3233 *Q—

473 3306 616 3365 PERSAE.

201 3447 348 3518 Perpauca
359 3450 425 3496 sunt
438 3459 501 3515 quae
511 3439 619 3497 mutavi
632 3440 660 3496 in
671 3440 773 3509 Persis,
785 3459 843 3496 nou
863 3460 921 3519 quo

967 3089 1122 3160 accederet,
1135 3090 1211 3167 quod
1228 3089 1297 3148 illud
1314 3088 1353 3148 ἰοὺ
1370 3089 1418 3165 ἰού,
1432 3093 1510 3169 quod
1522 3113 1558 3151 ex
1572 3115 1597 3152 v.
1614 3097 1650 3153 25
1664 3112 1731 3156 antu

967 3196 994 3233 v.
1016 3198 1052 3233 aa
1075 3179 1280 3256 transpositum
1302 3191 1344 3236 est
1366 3178 1403 3236 ali
1426 3183 1607 3256 Hermanno,
1629 3204 1667 3244 ne
1689 3187 1733 3245 sic

966 3266 1082 3342 quidem
1095 3266 1278 3324 commodum
1286 3267 1381 3323 locum
1392 3266 1542 3327 obtineret.
1554 3277 1649 3346 Atque
1657 3273 1730 3331 illud

966 3357 1083 3432 qtndem
1099 3369 1141 3415 est
1156 3377 1275 3434 prorsus
1289 3369 1389 3414 contra
1403 3359 1641 3417 consuetudinem
1654 3365 1731 3422 Grae·

966 3464 1081 3514 corum,
1101 3458 1132 3501 ut
1148 3444 1255 3521 aliquid
1274 3445 1315 3502 ita
1332 3444 1430 3502 subito
1443 3444 1627 3504 introducant
1643 3461 1676 3505 ut
1687 3466 1728 3509 est

163 3529 330 3607 tragoediam
349 3528 533 3604 integriorem
550 3540 691 3587 servatam
711 3541 856 3606 putarem,
870 3530 920 3587 sed
965 3533 1100 3608 splendor
1117 3533 1236 3589 flamma·
1256 3553 1272 3589 e
1291 3531 1448 3608 longinquo
1462 3532 1538 3589 visae.
1559 3540 1660 3610 ltaque
1676 3538 1727 3597 dir·

161 3621 231 3696 quia
245 3618 380 3695 pleraque
390 3617 548 3675 incertiora
561 3630 642 3674 erunt
653 3638 740 3695 quam
756 3630 786 3674 ut
799 3620 921 3695 receptis
964 3619 1113 3678 bitandum
1126 3641 1255 3678 essenon
1270 3623 1369 3696 putavi
1386 3622 1454 3696 quin
1467 3620 1581 3678 llamma
1594 3623 1631 3681 ab
1645 3625 1729 3684 initio

160 3707 309 3785 scripturis
325 3705 496 3763 substituere
515 3706 637 3763 ruallem.
652 3707 684 3762 ln
698 3726 757 3782 quo
767 3726 824 3763 non
837 3707 920 3763 silcn-
964 3709 1057 3765 statim
1068 3720 1219 3785 conspecta
1229 3710 1331 3765 sitnon
1342 3728 1443 3784 magna
1454 3707 1582 3782 sortasse,
1592 3724 1622 3767 at
1633 3724 1729 3772 tamen

160 3797 230 3854 dum
249 3794 360 3853 estduo
372 3813 462 3850 novos
478 3793 592 3851 codices
601 3813 663 3851 esse
675 3796 793 3852 collatos
804 3813 829 3850 a.
845 3797 917 3866 1817
965 3798 1026 3856 talis
1052 3796 1144 3874 qualis
1165 3795 1273 3853 indicio
1292 3810 1378 3872 capta
1396 3795 1477 3852 urbis
1502 3815 1563 3854 esse
1588 3803 1728 3875 potuerit.

159 3892 261 3945 Romae
272 3882 461 3943 etFloreutiae
478 3882 694 3942 aCollectionis
709 3881 919 3958 liujusauctore
963 3891 1060 3958 Quare
1069 3885 1151 3942 facile
1165 3884 1343 3959 intelligitur,
1359 3882 1504 3958 quomodo
1517 3884 1621 3940 lactum
1634 3887 1681 3958 sit,
1696 3902 1728 3946 ιιι

158 3973 286 4033 Firmino
304 3971 392 4030 Didot
411 3990 447 4027 ex
468 3970 579 4028 Graecia
603 3969 772 4041 revertenti,
795 3989 918 4045 quorum
962 3974 1100 4032 orationis
1121 3988 1203 4031 tenor
1218 3984 1247 4030 et
1263 3973 1340 4029 calor
1357 3972 1388 4029 iu
1405 3972 1489 4029 initio
1510 3984 1538 4028 et
1552 3975 1631 4030 exitu
1649 3976 1728 4035 idem

158 4057 919 4139 neuterestejusmodi,utinterpraestantioresrelerri
961 4063 998 4118 sit
1023 4083 1116 4139 neque
1144 4063 1262 4118 nuncius
1280 4060 1384 4137 gaudio
1407 4057 1577 4137 abripiatur.
1607 4064 1727 4122 Retinui

158 4142 270 4230 posset;
284 4165 378 4221 umen
393 4163 515 4226 uterque
524 4169 582 4206 non
593 4160 635 4205 est
644 4148 763 4206 inutilis.
778 4154 874 4225 Atque
888 4152 917 4208 id
961 4151 1048 4227 igitur
1060 4148 1098 4207 ἱοὶι
1108 4148 1147 4206 ἰού
1159 4150 1208 4206 illo
1219 4150 1294 4223 loco,
1306 4167 1364 4223 quo
1377 4147 1405 4203 in
1416 4146 1563 4203 codicibus
1572 4151 1726 4225 reperitur.

157 4242 275 4317 quidem
296 4242 362 4300 satis
384 4250 550 4318 opportune
561 4236 632 4294 mihi
646 4236 836 4314 acciditquod
847 4240 918 4296 alter
1000 4243 1120 4295 Versum
1139 4258 1173 4293 ιο
1188 4235 1300 4294 reddidi
1317 4236 1418 4306 latine,
1444 4246 1474 4289 ut
1499 4236 1605 4306 solent,
1627 4241 1725 4297 nescio

158 4349 217 4386 ιιιιο
229 4329 328 4386 saltem
338 4330 411 4401 loco,
420 4347 448 4385 ν.
461 4326 528 4399 576,
537 4325 731 4402 conjecturam
746 4347 836 4384 meam
847 4348 917 4385 cou-
962 4337 1056 4384 tamen
1072 4346 1108 4382 an
1125 4324 1230 4382 rectius
1244 4325 1284 4380 ita
1297 4335 1390 4379 vertas
1409 4343 1416 4377 :
1437 4321 1495 4377 «sic
1509 4322 1584 4379 enim
1602 4324 1725 4383 fidenter

157 4416 289 4473 firmavit.

201 4507 253 4577 167
269 4503 327 4563 ὅσον
342 4525 359 4575 a
377 4502 550 4580 quibusdam
571 4506 737 4576 causaliter,
757 4517 789 4562 ut
802 4505 916 4578 dicunt,

77 4652 84 4667 γ
157 4593 313 4670 accipitur,
331 4592 360 4649 id
380 4590 460 4668 quod
479 4592 573 4648 minus
588 4593 735 4650 sententiae
749 4592 915 4670 adaptatum

156 4691 207 4737 est.

198 4768 254 4824 336
266 4768 321 4846 ἠχῇ
334 4781 378 4824 est
391 4767 420 4824 in
432 4766 549 4843 optimis
562 4767 711 4826 codicibus
723 4783 751 4826 et
769 4770 900 4845 plurimis
906 4793 915 4843 ;

156 4857 242 4934 pauci
254 4857 332 4933 iique
343 4855 499 4913 deteriores
511 4854 617 4912 habent
630 4859 698 4935 ἠχεῖ.
707 4857 840 4916 Editores
853 4861 915 4936 ἠχοῖ

156 4944 359 5022 praetulerunt;
376 4964 428 5021 ego
443 4943 556 5000 codices
568 4945 728 5019 sequendos
745 4945 823 5003 duxi.

196 5035 251 5105 571
269 5030 392 5114 ἔρρανται
403 5046 522 5090 auctore
537 5035 701 5089 Ilcrmanno
715 5032 771 5089 huc
787 5045 915 5111 transpo-

154 5120 240 5179 situm
250 5135 302 5192 est,
313 5141 402 5199 quum
413 5122 443 5178 in
455 5119 604 5178 codicibus
615 5132 679 5197 post
687 5139 715 5177 v.
725 5121 781 5178 580
789 5123 913 5198 reperia-

156 5218 219 5268 tur:
231 5207 317 5278 τοκέες
330 5207 439 5275 ἄπαιδες
450 5207 574 5291 ἔρρανται
585 5208 697 5286 δαιμόνι’
708 5206 771 5286 ἄχη.

960 4415 1070 4471 anianus
1085 4412 1211 4469 mulieris
1221 4423 1346 4488 sperat.»

1003 4522 1052 4558 101
1073 4500 1186 4559 σαίνουσ’
1203 4499 1366 4576 conjectura
1386 4509 1480 4553 ortum
1497 4505 1547 4552 est.
1563 4495 1644 4554 Libri
1659 4499 1725 4579 ραί.

959 4591 1039 4648 νουσ’.

1002 4699 1056 4736 toa
1080 4691 1108 4736 et
1139 4680 1192 4735 103
1221 4675 1358 4733 ἄπλειστον
1378 4668 1425 4741 τὴν
1451 4668 1611 4749 θυμόρδορον
1638 4671 1725 4744 λύπης

959 4765 1046 4847 ρρένα.
1060 4765 1170 4823 codices
1187 4764 1327 4841 praebent,
1344 4760 1373 4816 id
1399 4757 1476 4834 quod
1493 4758 1541 4814 alii
1558 4759 1642 4816 aliter
1654 4781 1726 4819 coru

958 4867 1103 4914 rexerunt.

1001 4965 1055 5001 tao
1073 4939 1174 5006 δισσοὺς
1192 4937 1431 4996 «dissentientes»
1454 4932 1607 5007 explicant.
1621 4937 1721 4996 Minus

958 5046 1043 5090 reete.
1059 5031 1174 5089 Calchas
1191 5047 1280 5104 quum
1299 5023 1416 5081 vidisset
1427 5020 1498 5077 duas
1512 5021 1622 5095 aquilas
1633 5023 1722 5101 lepe·

957 5141 1017 5178 rem
1035 5122 1218 5186 devorantes,
1244 5114 1316 5171 duos
1333 5108 1447 5170 Atridas
1468 5108 1498 5165 iu
1520 5108 1569 5165 illo
1596 5115 1720 5187 augurio

956 5211 1070 5288 agnovit
1094 5205 1211 5282 Trojam
1234 5204 1436 5261 devastaturus.
1465 5198 1543 5257 Perit
1560 5214 1714 5272 conqima-
